@article{Agazie:2023,
    doi = {10.3847/2041-8213/acdac6},
    url = {https://dx.doi.org/10.3847/2041-8213/acdac6},
    year = {2023},
    month = {jun},
    publisher = {The American Astronomical Society},
    volume = {951},
    number = {1},
    pages = {L8},
    author = {Gabriella Agazie and Akash Anumarlapudi and Anne M. Archibald and Zaven Arzoumanian and Paul T. Baker and Bence Bécsy and Laura Blecha and Adam Brazier and Paul R. Brook and Sarah Burke-Spolaor and Rand Burnette and Robin Case and Maria Charisi and Shami Chatterjee and Katerina Chatziioannou and Belinda D. Cheeseboro and Siyuan Chen and Tyler Cohen and James M. Cordes and Neil J. Cornish and Fronefield Crawford and H. Thankful Cromartie and Kathryn Crowter and Curt J. Cutler and Megan E. DeCesar and Dallas DeGan and Paul B. Demorest and Heling Deng and Timothy Dolch and Brendan Drachler and Justin A. Ellis and Elizabeth C. Ferrara and William Fiore and Emmanuel Fonseca and Gabriel E. Freedman and Nate Garver-Daniels and Peter A. Gentile and Kyle A. Gersbach and Joseph Glaser and Deborah C. Good and Kayhan Gültekin and Jeffrey S. Hazboun and Sophie Hourihane and Kristina Islo and Ross J. Jennings and Aaron D. Johnson and Megan L. Jones and Andrew R. Kaiser and David L. Kaplan and Luke Zoltan Kelley and Matthew Kerr and Joey S. Key and Tonia C. Klein and Nima Laal and Michael T. Lam and William G. Lamb and T. Joseph W. Lazio and Natalia Lewandowska and Tyson B. Littenberg and Tingting Liu and Andrea Lommen and Duncan R. Lorimer and Jing Luo and Ryan S. Lynch and Chung-Pei Ma and Dustin R. Madison and Margaret A. Mattson and Alexander McEwen and James W. McKee and Maura A. McLaughlin and Natasha McMann and Bradley W. Meyers and Patrick M. Meyers and Chiara M. F. Mingarelli and Andrea Mitridate and Priyamvada Natarajan and Cherry Ng and David J. Nice and Stella Koch Ocker and Ken D. Olum and Timothy T. Pennucci and Benetge B. P. Perera and Polina Petrov and Nihan S. Pol and Henri A. Radovan and Scott M. Ransom and Paul S. Ray and Joseph D. Romano and Shashwat C. Sardesai and Ann Schmiedekamp and Carl Schmiedekamp and Kai Schmitz and Levi Schult and Brent J. Shapiro-Albert and Xavier Siemens and Joseph Simon and Magdalena S. Siwek and Ingrid H. Stairs and Daniel R. Stinebring and Kevin Stovall and Jerry P. Sun and Abhimanyu Susobhanan and Joseph K. Swiggum and Jacob Taylor and Stephen R. Taylor and Jacob E. Turner and Caner Unal and Michele Vallisneri and Rutger van Haasteren and Sarah J. Vigeland and Haley M. Wahl and Qiaohong Wang and Caitlin A. Witt and Olivia Young and The NANOGrav Collaboration},
    title = {The NANOGrav 15 yr Data Set: Evidence for a Gravitational-wave Background},
    journal = {The Astrophysical Journal Letters}
}

@article{Fujita:2018ehq,
    author = "Fujita, Tomohiro and Kuroyanagi, Sachiko and Mizuno, Shuntaro and Mukohyama, Shinji",
    title = "{Blue-tilted Primordial Gravitational Waves from Massive Gravity}",
    eprint = "1808.02381",
    archivePrefix = "arXiv",
    primaryClass = "gr-qc",
    reportNumber = "YITP-18-84, IPMU18-0129",
    doi = "10.1016/j.physletb.2018.12.025",
    journal = "Phys. Lett. B",
    volume = "789",
    pages = "215--219",
    year = "2019"
}

@article{Gumrukcuoglu:2012wt,
    author = "Gumrukcuoglu, A. Emir and Kuroyanagi, Sachiko and Lin, Chunshan and Mukohyama, Shinji and Tanahashi, Norihiro",
    title = "{Gravitational wave signal from massive gravity}",
    eprint = "1208.5975",
    archivePrefix = "arXiv",
    primaryClass = "hep-th",
    reportNumber = "IPMU12-0164",
    doi = "10.1088/0264-9381/29/23/235026",
    journal = "Class. Quant. Grav.",
    volume = "29",
    pages = "235026",
    year = "2012"
}

@misc{GH,
    author = {Choi, Chris},
    url = {https://github.com/ChrisChoi314/constrain_mass_nanograv_15},
    howpublished = {\url{https://github.com/ChrisChoi314/constrain_mass_nanograv_15}},
    year = {2023}
}
@article{Boulware:1972yco,
    author = "Boulware, D. G. and Deser, Stanley",
    title = "{Can gravitation have a finite range?}",
    doi = "10.1103/PhysRevD.6.3368",
    journal = "Phys. Rev. D",
    volume = "6",
    pages = "3368--3382",
    year = "1972"
}
@article{Afzal:2023,
    doi = {10.3847/2041-8213/acdc91},
    url = {https://dx.doi.org/10.3847/2041-8213/acdc91},
    year = {2023},
    month = {jun},
    publisher = {The American Astronomical Society},
    volume = {951},
    number = {1},
    pages = {L11},
    author = {Adeela Afzal and Gabriella Agazie and Akash Anumarlapudi and Anne M. Archibald and Zaven Arzoumanian and Paul T. Baker and Bence Bécsy and Jose Juan Blanco-Pillado and Laura Blecha and Kimberly K. Boddy and Adam Brazier and Paul R. Brook and Sarah Burke-Spolaor and Rand Burnette and Robin Case and Maria Charisi and Shami Chatterjee and Katerina Chatziioannou and Belinda D. Cheeseboro and Siyuan Chen and Tyler Cohen and James M. Cordes and Neil J. Cornish and Fronefield Crawford and H. Thankful Cromartie and Kathryn Crowter and Curt J. Cutler and Megan E. DeCesar and Dallas DeGan and Paul B. Demorest and Heling Deng and Timothy Dolch and Brendan Drachler and Richard von Eckardstein and Elizabeth C. Ferrara and William Fiore and Emmanuel Fonseca and Gabriel E. Freedman and Nate Garver-Daniels and Peter A. Gentile and Kyle A. Gersbach and Joseph Glaser and Deborah C. Good and Lydia Guertin and Kayhan Gültekin and Jeffrey S. Hazboun and Sophie Hourihane and Kristina Islo and Ross J. Jennings and Aaron D. Johnson and Megan L. Jones and Andrew R. Kaiser and David L. Kaplan and Luke Zoltan Kelley and Matthew Kerr and Joey S. Key and Nima Laal and Michael T. Lam and William G. Lamb and T. Joseph W. Lazio and Vincent S. H. Lee and Natalia Lewandowska and Rafael R. Lino dos Santos and Tyson B. Littenberg and Tingting Liu and Duncan R. Lorimer and Jing Luo and Ryan S. Lynch and Chung-Pei Ma and Dustin R. Madison and Alexander McEwen and James W. McKee and Maura A. McLaughlin and Natasha McMann and Bradley W. Meyers and Patrick M. Meyers and Chiara M. F. Mingarelli and Andrea Mitridate and Jonathan Nay and Priyamvada Natarajan and Cherry Ng and David J. Nice and Stella Koch Ocker and Ken D. Olum and Timothy T. Pennucci and Benetge B. P. Perera and Polina Petrov and Nihan S. Pol and Henri A. Radovan and Scott M. Ransom and Paul S. Ray and Joseph D. Romano and Shashwat C. Sardesai and Ann Schmiedekamp and Carl Schmiedekamp and Kai Schmitz and Tobias Schröder and Levi Schult and Brent J. Shapiro-Albert and Xavier Siemens and Joseph Simon and Magdalena S. Siwek and Ingrid H. Stairs and Daniel R. Stinebring and Kevin Stovall and Peter Stratmann and Jerry P. Sun and Abhimanyu Susobhanan and Joseph K. Swiggum and Jacob Taylor and Stephen R. Taylor and Tanner Trickle and Jacob E. Turner and Caner Unal and Michele Vallisneri and Sonali Verma and Sarah J. Vigeland and Haley M. Wahl and Qiaohong Wang and Caitlin A. Witt and David Wright and Olivia Young and Kathryn M. Zurek and The NANOGrav Collaboration},
    title = {The NANOGrav 15 yr Data Set: Search for Signals from New Physics},
    journal = {The Astrophysical Journal Letters},
    abstract = {The 15 yr pulsar timing data set collected by the North American Nanohertz Observatory for Gravitational Waves (NANOGrav) shows positive evidence for the presence of a low-frequency gravitational-wave (GW) background. In this paper, we investigate potential cosmological interpretations of this signal, specifically cosmic inflation, scalar-induced GWs, first-order phase transitions, cosmic strings, and domain walls. We find that, with the exception of stable cosmic strings of field theory origin, all these models can reproduce the observed signal. When compared to the standard interpretation in terms of inspiraling supermassive black hole binaries (SMBHBs), many cosmological models seem to provide a better fit resulting in Bayes factors in the range from 10 to 100. However, these results strongly depend on modeling assumptions about the cosmic SMBHB population and, at this stage, should not be regarded as evidence for new physics. Furthermore, we identify excluded parameter regions where the predicted GW signal from cosmological sources significantly exceeds the NANOGrav signal. These parameter constraints are independent of the origin of the NANOGrav signal and illustrate how pulsar timing data provide a new way to constrain the parameter space of these models. Finally, we search for deterministic signals produced by models of ultralight dark matter (ULDM) and dark matter substructures in the Milky Way. We find no evidence for either of these signals and thus report updated constraints on these models. In the case of ULDM, these constraints outperform torsion balance and atomic clock constraints for ULDM coupled to electrons, muons, or gluons.}
}


@article{Tanin:2020qjw,
    author = "Tanin, Erwin H. and Tenkanen, Tommi",
    title = "{Gravitational wave constraints on the observable inflation}",
    eprint = "2004.10702",
    archivePrefix = "arXiv",
    primaryClass = "astro-ph.CO",
    doi = "10.1088/1475-7516/2021/01/053",
    journal = "JCAP",
    volume = "01",
    pages = "053",
    year = "2021"
}

@article{Fierz:1939ix,
    author = "Fierz, M. and Pauli, W.",
    title = "{On relativistic wave equations for particles of arbitrary spin in an electromagnetic field}",
    doi = "10.1098/rspa.1939.0140",
    journal = "Proc. Roy. Soc. Lond. A",
    volume = "173",
    pages = "211--232",
    year = "1939"
}

@article{Wu:2023rib,
    author = "Wu, Yu-Mei and Chen, Zu-Cheng and Bi, Yan-Chen and Huang, Qing-Guo",
    title = "{Constraining the graviton mass with the NANOGrav 15\,year data set}",
    eprint = "2310.07469",
    archivePrefix = "arXiv",
    primaryClass = "astro-ph.CO",
    doi = "10.1088/1361-6382/ad2a9b",
    journal = "Class. Quant. Grav.",
    volume = "41",
    number = "7",
    pages = "075002",
    year = "2024"
}

@article{Wang:2023div,
    author = {{Wang}, Sai and {Zhao}, Zhi-Chao},
        title = "{Unveiling the graviton mass bounds through the analysis of 2023 pulsar timing array data releases}",
      journal = {Phys. Rev. D},
     keywords = {Astrophysics - High Energy Astrophysical Phenomena, General Relativity and Quantum Cosmology},
         year = 2024,
        month = mar,
       volume = {109},
       number = {6},
          eid = {L061502},
        pages = {L061502},
          doi = {10.1103/PhysRevD.109.L061502},
archivePrefix = {arXiv},
       eprint = {2307.04680},
 primaryClass = {astro-ph.HE},
       adsurl = {https://ui.adsabs.harvard.edu/abs/2024PhRvD.109f1502W},
      adsnote = {Provided by the SAO/NASA Astrophysics Data System}
}

@article{RoperPol:2019wvy,
    author = "Roper Pol, Alberto and Mandal, Sayan and Brandenburg, Axel and Kahniashvili, Tina and Kosowsky, Arthur",
    title = "{Numerical simulations of gravitational waves from early-universe turbulence}",
    eprint = "1903.08585",
    archivePrefix = "arXiv",
    primaryClass = "astro-ph.CO",
    reportNumber = "NORDITA-2019-024",
    doi = "10.1103/PhysRevD.102.083512",
    journal = "Phys. Rev. D",
    volume = "102",
    number = "8",
    pages = "083512",
    year = "2020"
}
@article{Durrer:1997ta,
    author = "Durrer, Ruth and Kahniashvili, Tina",
    title = "{CMB anisotropies caused by gravitational waves: A Parameter study}",
    eprint = "astro-ph/9702226",
    archivePrefix = "arXiv",
    reportNumber = "UGVA-DPT-1997-02-968",
    journal = "Helv. Phys. Acta",
    volume = "71",
    pages = "445--457",
    year = "1998"
}
@article{deRham:2016nuf,
    author = "de Rham, Claudia and Deskins, J. Tate and Tolley, Andrew J. and Zhou, Shuang-Yong",
    title = "{Graviton Mass Bounds}",
    eprint = "1606.08462",
    archivePrefix = "arXiv",
    primaryClass = "astro-ph.CO",
    doi = "10.1103/RevModPhys.89.025004",
    journal = "Rev. Mod. Phys.",
    volume = "89",
    number = "2",
    pages = "025004",
    year = "2017"
}
@article{deRham:2014naa,
    author = "de Rham, Claudia and Heisenberg, Lavinia and Ribeiro, Raquel H.",
    title = "{On couplings to matter in massive (bi-)gravity}",
    eprint = "1408.1678",
    archivePrefix = "arXiv",
    primaryClass = "hep-th",
    doi = "10.1088/0264-9381/32/3/035022",
    journal = "Class. Quant. Grav.",
    volume = "32",
    pages = "035022",
    year = "2015"
}
@article{LIGOScientific:2016sjg,
    author = "Abbott, B. P. and others",
    collaboration = "LIGO Scientific, Virgo",
    title = "{GW151226: Observation of Gravitational Waves from a 22-Solar-Mass Binary Black Hole Coalescence}",
    eprint = "1606.04855",
    archivePrefix = "arXiv",
    primaryClass = "gr-qc",
    reportNumber = "LIGO-P151226",
    doi = "10.1103/PhysRevLett.116.241103",
    journal = "Phys. Rev. Lett.",
    volume = "116",
    number = "24",
    pages = "241103",
    year = "2016"
}
@article{LIGOScientific:2016aoc,
    author = "Abbott, B. P. and others",
    collaboration = "LIGO Scientific, Virgo",
    title = "{Observation of Gravitational Waves from a Binary Black Hole Merger}",
    eprint = "1602.03837",
    archivePrefix = "arXiv",
    primaryClass = "gr-qc",
    reportNumber = "LIGO-P150914",
    doi = "10.1103/PhysRevLett.116.061102",
    journal = "Phys. Rev. Lett.",
    volume = "116",
    number = "6",
    pages = "061102",
    year = "2016"
}

@article{Hassan:2011tf,
    author = "Hassan, S. F. and Rosen, Rachel A. and Schmidt-May, Angnis",
    title = "{Ghost-free Massive Gravity with a General Reference Metric}",
    eprint = "1109.3230",
    archivePrefix = "arXiv",
    primaryClass = "hep-th",
    doi = "10.1007/JHEP02(2012)026",
    journal = "JHEP",
    volume = "02",
    pages = "026",
    year = "2012"
}

@article{Hassan:2011ea,
    author = "Hassan, S. F. and Rosen, Rachel A.",
    title = "{Confirmation of the Secondary Constraint and Absence of Ghost in Massive Gravity and Bimetric Gravity}",
    eprint = "1111.2070",
    archivePrefix = "arXiv",
    primaryClass = "hep-th",
    doi = "10.1007/JHEP04(2012)123",
    journal = "JHEP",
    volume = "04",
    pages = "123",
    year = "2012"
}

@article{Jiang:2015qor,
    author = "Jiang, Hongliang and Liu, Tao and Sun, Sichun and Wang, Yi",
    title = "{Echoes of Inflationary First-Order Phase Transitions in the CMB}",
    eprint = "1512.07538",
    archivePrefix = "arXiv",
    primaryClass = "astro-ph.CO",
    doi = "10.1016/j.physletb.2016.12.029",
    journal = "Phys. Lett. B",
    volume = "765",
    pages = "339--343",
    year = "2017"
}

@article{Blasi:2017pkk,
    author = "Blasi, Alberto and Maggiore, Nicola",
    title = "{Massive gravity and Fierz-Pauli theory}",
    eprint = "1706.08140",
    archivePrefix = "arXiv",
    primaryClass = "hep-th",
    doi = "10.1140/epjc/s10052-017-5205-y",
    journal = "Eur. Phys. J. C",
    volume = "77",
    number = "9",
    pages = "614",
    year = "2017"
}


@book{Maggiore:v1,
  title = {Gravitational Waves, Volume 1: Theory and Experiment},
  author = {Michele Maggiore},
  year= {2008}, 
  publisher = {Oxford University Press, Oxford},
}

@book{Maggiore:v2,
  title = {Gravitational Waves: Volume 2: Astrophysics and Cosmology},
  author = {Michele Maggiore},
  year= {2018}, 
  publisher = {Oxford University Press, Oxford},
}

@article{Kuroyanagi:2014nba,
    author = "Kuroyanagi, Sachiko and Takahashi, Tomo and Yokoyama, Shuichiro",
    title = "{Blue-tilted Tensor Spectrum and Thermal History of the Universe}",
    eprint = "1407.4785",
    archivePrefix = "arXiv",
    primaryClass = "astro-ph.CO",
    reportNumber = "ICRR-REPORT-686-2014-12",
    doi = "10.1088/1475-7516/2015/02/003",
    journal = "JCAP",
    volume = "02",
    pages = "003",
    year = "2015"
}

@article{Weinberg:2003ur,
    author = "Weinberg, Steven",
    title = "{Damping of tensor modes in cosmology}",
    eprint = "astro-ph/0306304",
    archivePrefix = "arXiv",
    reportNumber = "UTTG-02-03",
    doi = "10.1103/PhysRevD.69.023503",
    journal = "Phys. Rev. D",
    volume = "69",
    pages = "023503",
    year = "2004"
}

@article{Planck:2018vyg,
    author = "Aghanim, N. and others",
    collaboration = "Planck",
    title = "{Planck 2018 results. VI. Cosmological parameters}",
    eprint = "1807.06209",
    archivePrefix = "arXiv",
    primaryClass = "astro-ph.CO",
    doi = "10.1051/0004-6361/201833910",
    journal = "Astron. Astrophys.",
    volume = "641",
    pages = "A6",
    year = "2020",
    note = "[Erratum: Astron.Astrophys. 652, C4 (2021)]"
}

@article{DeFelice:2015hla,
   title={Minimal theory of massive gravity},
   volume={752},
   ISSN={0370-2693},
   url={http://dx.doi.org/10.1016/j.physletb.2015.11.050},
   DOI={10.1016/j.physletb.2015.11.050},
   journal={Physics Letters B},
   publisher={Elsevier BV},
   author={De Felice, Antonio and Mukohyama, Shinji},
   year={2016},
   month=jan, pages={302–305} 
}

@article{DeFelice:2015moy,
    author = {{De Felice}, Antonio and {Mukohyama}, Shinji},
        title = "{Phenomenology in minimal theory of massive gravity}",
      journal = {JCAP},
     keywords = {High Energy Physics - Theory, Astrophysics - Cosmology and Nongalactic Astrophysics, General Relativity and Quantum Cosmology},
         year = 2016,
        month = apr,
       volume = {2016},
       number = {4},
          eid = {028},
        pages = {028},
          doi = {10.1088/1475-7516/2016/04/028},
archivePrefix = {arXiv},
       eprint = {1512.04008},
 primaryClass = {hep-th},
       adsurl = {https://ui.adsabs.harvard.edu/abs/2016JCAP...04..028D},
      adsnote = {Provided by the SAO/NASA Astrophysics Data System}
}

@article{vanDam:1970vg,
    author = "van Dam, H. and Veltman, M. J. G.",
    title = "{Massive and massless Yang-Mills and gravitational fields}",
    doi = "10.1016/0550-3213(70)90416-5",
    journal = "Nucl. Phys. B",
    volume = "22",
    pages = "397--411",
    year = "1970"
}

@article{Zakharov:1970cc,
    author = "Zakharov, V. I.",
    title = "{Linearized gravitation theory and the graviton mass}",
    journal = "JETP Lett.",
    volume = "12",
    pages = "312",
    year = "1970"
}

@article{Vainshtein:1972sx,
    author = "Vainshtein, A. I.",
    title = "{To the problem of nonvanishing gravitation mass}",
    doi = "10.1016/0370-2693(72)90147-5",
    journal = "Phys. Lett. B",
    volume = "39",
    pages = "393--394",
    year = "1972"
}



@article{Dubovsky:2004sg,
    author = "Dubovsky, S. L.",
    title = "{Phases of massive gravity}",
    eprint = "hep-th/0409124",
    archivePrefix = "arXiv",
    doi = "10.1088/1126-6708/2004/10/076",
    journal = "JHEP",
    volume = "10",
    pages = "076",
    year = "2004"
}

@article{deRham:2010ik,
  title = {Generalization of the Fierz-Pauli action},
  author = {de Rham, Claudia and Gabadadze, Gregory},
  journal = {Phys. Rev. D},
  volume = {82},
  issue = {4},
  pages = {044020},
  numpages = {9},
  year = {2010},
  month = {Aug},
  publisher = {American Physical Society},
  doi = {10.1103/PhysRevD.82.044020},
  url = {https://link.aps.org/doi/10.1103/PhysRevD.82.044020}
}

@article{deRham:2010kj,
    author = "de Rham, Claudia and Gabadadze, Gregory and Tolley, Andrew J.",
    title = "{Resummation of Massive Gravity}",
    eprint = "1011.1232",
    archivePrefix = "arXiv",
    primaryClass = "hep-th",
    doi = "10.1103/PhysRevLett.106.231101",
    journal = "Phys. Rev. Lett.",
    volume = "106",
    pages = "231101",
    year = "2011"
}

@article{Arkani-Hamed:2003pdi,
    author = "Arkani-Hamed, Nima and Cheng, Hsin-Chia and Luty, Markus A. and Mukohyama, Shinji",
    title = "{Ghost condensation and a consistent infrared modification of gravity}",
    eprint = "hep-th/0312099",
    archivePrefix = "arXiv",
    reportNumber = "HUTP-03-A081, UMD-PPP-04-012",
    doi = "10.1088/1126-6708/2004/05/074",
    journal = "JHEP",
    volume = "05",
    pages = "074",
    year = "2004"
}

@article{Rubakov:2004eb,
    author = {{Rubakov}, V.},
        title = "{Lorentz-violating graviton masses: getting around ghosts, low strong coupling scale and VDVZ discontinuity}",
      journal = {arXiv e-prints},
     keywords = {High Energy Physics - Theory},
         year = 2004,
        month = jul,
          eid = {hep-th/0407104},
        pages = {hep-th/0407104},
          doi = {10.48550/arXiv.hep-th/0407104},
archivePrefix = {arXiv},
       eprint = {hep-th/0407104},
 primaryClass = {hep-th},
       adsurl = {https://ui.adsabs.harvard.edu/abs/2004hep.th....7104R},
      adsnote = {Provided by the SAO/NASA Astrophysics Data System}
}

@article{Blas:2009my,
    author = "Blas, D. and Comelli, D. and Nesti, F. and Pilo, L.",
    title = "{Lorentz Breaking Massive Gravity in Curved Space}",
    eprint = "0905.1699",
    archivePrefix = "arXiv",
    primaryClass = "hep-th",
    doi = "10.1103/PhysRevD.80.044025",
    journal = "Phys. Rev. D",
    volume = "80",
    pages = "044025",
    year = "2009"
}

@article{Rubakov:2008nh,
    author = "Rubakov, V. A. and Tinyakov, P. G.",
    title = "{Infrared-modified gravities and massive gravitons}",
    eprint = "0802.4379",
    archivePrefix = "arXiv",
    primaryClass = "hep-th",
    reportNumber = "ULB-TH-08-07",
    doi = "10.1070/PU2008v051n08ABEH006600",
    journal = "Phys. Usp.",
    volume = "51",
    pages = "759--792",
    year = "2008"
}

@article{Blas:2007zz,
    author = "Blas, D. and Deffayet, C. and Garriga, J.",
    title = "{Bigravity and Lorentz-violating Massive Gravity}",
    eprint = "0705.1982",
    archivePrefix = "arXiv",
    primaryClass = "hep-th",
    doi = "10.1103/PhysRevD.76.104036",
    journal = "Phys. Rev. D",
    volume = "76",
    pages = "104036",
    year = "2007"
}

@article{Comelli:2013txa,
    author = "Comelli, Denis and Nesti, Fabrizio and Pilo, Luigi",
    title = "{Massive gravity: a General Analysis}",
    eprint = "1305.0236",
    archivePrefix = "arXiv",
    primaryClass = "hep-th",
    doi = "10.1007/JHEP07(2013)161",
    journal = "JHEP",
    volume = "07",
    pages = "161",
    year = "2013"
}

@article{Langlois:2014jba,
    author = "Langlois, David and Mukohyama, Shinji and Namba, Ryo and Naruko, Atsushi",
    title = "{Cosmology in rotation-invariant massive gravity with non-trivial fiducial metric}",
    eprint = "1405.0358",
    archivePrefix = "arXiv",
    primaryClass = "hep-th",
    doi = "10.1088/0264-9381/31/17/175003",
    journal = "Class. Quant. Grav.",
    volume = "31",
    pages = "175003",
    year = "2014"
}
@article{Hassan:2011zd,
    author = {{Hassan}, S.~F. and {Rosen}, Rachel A.},
        title = "{Bimetric gravity from ghost-free massive gravity}",
      journal = {Journal of High Energy Physics},
     keywords = {Classical Theories of Gravity, Space-Time Symmetries, High Energy Physics - Theory},
         year = 2012,
        month = feb,
       volume = {2012},
          eid = {126},
        pages = {126},
          doi = {10.1007/JHEP02(2012)126},
archivePrefix = {arXiv},
       eprint = {1109.3515},
 primaryClass = {hep-th},
       adsurl = {https://ui.adsabs.harvard.edu/abs/2012JHEP...02..126H},
      adsnote = {Provided by the SAO/NASA Astrophysics Data System}
}

@ARTICLE{Rajagopal:1995,
	author = {{Rajagopal}, Mohan and {Romani}, Roger W.},
	title = "{Ultra--Low-Frequency Gravitational Radiation from Massive Black Hole Binaries}",
	journal = {The Astrophysical Journal},
	keywords = {BLACK HOLE PHYSICS, GALAXIES: INTERACTIONS, GALAXIES: NUCLEI, RADIATION MECHANISMS: NONTHERMAL, Astrophysics},
	year = 1995,
	month = jun,
	volume = {446},
	pages = {543},
	doi = {10.1086/175813},
	archivePrefix = {arXiv},
	eprint = {astro-ph/9412038},
	primaryClass = {astro-ph},
	adsurl = {https://ui.adsabs.harvard.edu/abs/1995ApJ...446..543R},
	adsnote = {Provided by the SAO/NASA Astrophysics Data System}
}

@article{Jaffe:2002rt,
    author = "Jaffe, Andrew H. and Backer, Donald C.",
    title = "{Gravitational waves probe the coalescence rate of massive black hole binaries}",
    eprint = "astro-ph/0210148",
    archivePrefix = "arXiv",
    doi = "10.1086/345443",
    journal = "Astrophys. J.",
    volume = "583",
    pages = "616--631",
    year = "2003"
}

@article{Burke-Spolaor:2018bvk,
    author = "Burke-Spolaor, Sarah and others",
    title = "{The Astrophysics of Nanohertz Gravitational Waves}",
    eprint = "1811.08826",
    archivePrefix = "arXiv",
    primaryClass = "astro-ph.HE",
    doi = "10.1007/s00159-019-0115-7",
    journal = "Astron. Astrophys. Rev.",
    volume = "27",
    number = "1",
    pages = "5",
    year = "2019"
}

@article{Phinney:2001di,
     author = {{Phinney}, E.~S.},
        title = "{A Practical Theorem on Gravitational Wave Backgrounds}",
      journal = {arXiv e-prints},
     keywords = {Astrophysics, General Relativity and Quantum Cosmology},
         year = 2001,
        month = aug,
          eid = {astro-ph/0108028},
        pages = {astro-ph/0108028},
          doi = {10.48550/arXiv.astro-ph/0108028},
archivePrefix = {arXiv},
       eprint = {astro-ph/0108028},
 primaryClass = {astro-ph},
       adsurl = {https://ui.adsabs.harvard.edu/abs/2001astro.ph..8028P},
      adsnote = {Provided by the SAO/NASA Astrophysics Data System}
}
@inproceedings{Hinterbichler:2016try,
    author = "Hinterbichler, Kurt",
    title = "{Cosmology of Massive Gravity and its Extensions}",
    booktitle = "{51st Rencontres de Moriond on Cosmology}",
    eprint = "1701.02873",
    archivePrefix = "arXiv",
    primaryClass = "astro-ph.CO",
    pages = "223--232",
    year = "2016"
}
@article{Zic:2023gta,
    author = {{Zic}, Andrew and {Reardon}, Daniel J. and {Kapur}, Agastya and {Hobbs}, George and {Mandow}, Rami and {Cury{\l}o}, Ma{\l}gorzata and {Shannon}, Ryan M. and {Askew}, Jacob and {Bailes}, Matthew and {Bhat}, N.~D. Ramesh and {Cameron}, Andrew and {Chen}, Zu-Cheng and {Dai}, Shi and {Di Marco}, Valentina and {Feng}, Yi and {Kerr}, Matthew and {Kulkarni}, Atharva and {Lower}, Marcus E. and {Luo}, Rui and {Manchester}, Richard N. and {Miles}, Matthew T. and {Nathan}, Rowina S. and {Os{\l}owski}, Stefan and {Rogers}, Axl F. and {Russell}, Christopher J. and {Sarkissian}, John M. and {Shamohammadi}, Mohsen and {Spiewak}, Ren{\'e}e and {Thyagarajan}, Nithyanandan and {Toomey}, Lawrence and {Wang}, Shuangqiang and {Zhang}, Lei and {Zhang}, Songbo and {Zhu}, Xing-Jiang},
        title = "{The Parkes Pulsar Timing Array third data release}",
      journal = {PASA},
     keywords = {Millisecond pulsars (1062), Pulsar timing method (1305), Gravitational waves (678), Gravitational wave astronomy (675), Astrophysics - High Energy Astrophysical Phenomena, Astrophysics - Cosmology and Nongalactic Astrophysics, Astrophysics - Solar and Stellar Astrophysics, General Relativity and Quantum Cosmology},
         year = 2023,
        month = oct,
       volume = {40},
          eid = {e049},
        pages = {e049},
          doi = {10.1017/pasa.2023.36},
archivePrefix = {arXiv},
       eprint = {2306.16230},
 primaryClass = {astro-ph.HE},
       adsurl = {https://ui.adsabs.harvard.edu/abs/2023PASA...40...49Z},
      adsnote = {Provided by the SAO/NASA Astrophysics Data System}
}
@article{Hinterbichler:2011tt,
    author = "Hinterbichler, Kurt",
    title = "{Theoretical Aspects of Massive Gravity}",
    eprint = "1105.3735",
    archivePrefix = "arXiv",
    primaryClass = "hep-th",
    doi = "10.1103/RevModPhys.84.671",
    journal = "Rev. Mod. Phys.",
    volume = "84",
    pages = "671--710",
    year = "2012"
}

@article{Koyama:2015vza,
    author = "Koyama, Kazuya",
    title = "{Cosmological Tests of Modified Gravity}",
    eprint = "1504.04623",
    archivePrefix = "arXiv",
    primaryClass = "astro-ph.CO",
    doi = "10.1088/0034-4885/79/4/046902",
    journal = "Rept. Prog. Phys.",
    volume = "79",
    number = "4",
    pages = "046902",
    year = "2016"
}
@article{deRham:2014zqa,
    author = "de Rham, Claudia",
    title = "{Massive Gravity}",
    eprint = "1401.4173",
    archivePrefix = "arXiv",
    primaryClass = "hep-th",
    doi = "10.12942/lrr-2014-7",
    journal = "Living Rev. Rel.",
    volume = "17",
    pages = "7",
    year = "2014"
}
@article{Reardon:2023gzh,
    author = "Reardon, Daniel J. and others",
    title = "{Search for an isotropic gravitational-wave background with the Parkes Pulsar Timing Array}",
    eprint = "2306.16215",
    archivePrefix = "arXiv",
    primaryClass = "astro-ph.HE",
    doi = "10.3847/2041-8213/acdd02",
    journal = "Astrophys. J. Lett.",
    volume = "951",
    number = "1",
    year = "2023"
}

@article{Antoniadis:2023ott,
    author = {{EPTA Collaboration} and {InPTA Collaboration} and {Antoniadis}, J. and {Arumugam}, P. and {Arumugam}, S. and {Babak}, S. and {Bagchi}, M. and {Bak Nielsen}, A. -S. and {Bassa}, C.~G. and {Bathula}, A. and {Berthereau}, A. and {Bonetti}, M. and {Bortolas}, E. and {Brook}, P.~R. and {Burgay}, M. and {Caballero}, R.~N. and {Chalumeau}, A. and {Champion}, D.~J. and {Chanlaridis}, S. and {Chen}, S. and {Cognard}, I. and {Dandapat}, S. and {Deb}, D. and {Desai}, S. and {Desvignes}, G. and {Dhanda-Batra}, N. and {Dwivedi}, C. and {Falxa}, M. and {Ferdman}, R.~D. and {Franchini}, A. and {Gair}, J.~R. and {Goncharov}, B. and {Gopakumar}, A. and {Graikou}, E. and {Grie{\ss}meier}, J. -M. and {Guillemot}, L. and {Guo}, Y.~J. and {Gupta}, Y. and {Hisano}, S. and {Hu}, H. and {Iraci}, F. and {Izquierdo-Villalba}, D. and {Jang}, J. and {Jawor}, J. and {Janssen}, G.~H. and {Jessner}, A. and {Joshi}, B.~C. and {Kareem}, F. and {Karuppusamy}, R. and {Keane}, E.~F. and {Keith}, M.~J. and {Kharbanda}, D. and {Kikunaga}, T. and {Kolhe}, N. and {Kramer}, M. and {Krishnakumar}, M.~A. and {Lackeos}, K. and {Lee}, K.~J. and {Liu}, K. and {Liu}, Y. and {Lyne}, A.~G. and {McKee}, J.~W. and {Maan}, Y. and {Main}, R.~A. and {Mickaliger}, M.~B. and {Ni{\c{t}}u}, I.~C. and {Nobleson}, K. and {Paladi}, A.~K. and {Parthasarathy}, A. and {Perera}, B.~B.~P. and {Perrodin}, D. and {Petiteau}, A. and {Porayko}, N.~K. and {Possenti}, A. and {Prabu}, T. and {Quelquejay Leclere}, H. and {Rana}, P. and {Samajdar}, A. and {Sanidas}, S.~A. and {Sesana}, A. and {Shaifullah}, G. and {Singha}, J. and {Speri}, L. and {Spiewak}, R. and {Srivastava}, A. and {Stappers}, B.~W. and {Surnis}, M. and {Susarla}, S.~C. and {Susobhanan}, A. and {Takahashi}, K. and {Tarafdar}, P. and {Theureau}, G. and {Tiburzi}, C. and {van der Wateren}, E. and {Vecchio}, A. and {Venkatraman Krishnan}, V. and {Verbiest}, J.~P.~W. and {Wang}, J. and {Wang}, L. and {Wu}, Z.},
        title = "{The second data release from the European Pulsar Timing Array. III. Search for gravitational wave signals}",
      journal = {Astron. Astrophys.},
     keywords = {gravitational waves, methods: data analysis, pulsars: general, Astrophysics - High Energy Astrophysical Phenomena, Astrophysics - Cosmology and Nongalactic Astrophysics, Astrophysics - Astrophysics of Galaxies},
         year = 2023,
        month = oct,
       volume = {678},
          eid = {A50},
        pages = {A50},
          doi = {10.1051/0004-6361/202346844},
archivePrefix = {arXiv},
       eprint = {2306.16214},
 primaryClass = {astro-ph.HE},
       adsurl = {https://ui.adsabs.harvard.edu/abs/2023A&A...678A..50E},
      adsnote = {Provided by the SAO/NASA Astrophysics Data System}
}

@article{Antoniadis:2023lym,
    author = {{EPTA Collaboration} and {Antoniadis}, J. and {Babak}, S. and {Bak Nielsen}, A. -S. and {Bassa}, C.~G. and {Berthereau}, A. and {Bonetti}, M. and {Bortolas}, E. and {Brook}, P.~R. and {Burgay}, M. and {Caballero}, R.~N. and {Chalumeau}, A. and {Champion}, D.~J. and {Chanlaridis}, S. and {Chen}, S. and {Cognard}, I. and {Desvignes}, G. and {Falxa}, M. and {Ferdman}, R.~D. and {Franchini}, A. and {Gair}, J.~R. and {Goncharov}, B. and {Graikou}, E. and {Grie{\ss}meier}, J. -M. and {Guillemot}, L. and {Guo}, Y.~J. and {Hu}, H. and {Iraci}, F. and {Izquierdo-Villalba}, D. and {Jang}, J. and {Jawor}, J. and {Janssen}, G.~H. and {Jessner}, A. and {Karuppusamy}, R. and {Keane}, E.~F. and {Keith}, M.~J. and {Kramer}, M. and {Krishnakumar}, M.~A. and {Lackeos}, K. and {Lee}, K.~J. and {Liu}, K. and {Liu}, Y. and {Lyne}, A.~G. and {McKee}, J.~W. and {Main}, R.~A. and {Mickaliger}, M.~B. and {Ni{\c{t}}u}, I.~C. and {Parthasarathy}, A. and {Perera}, B.~B.~P. and {Perrodin}, D. and {Petiteau}, A. and {Porayko}, N.~K. and {Possenti}, A. and {Quelquejay Leclere}, H. and {Samajdar}, A. and {Sanidas}, S.~A. and {Sesana}, A. and {Shaifullah}, G. and {Speri}, L. and {Spiewak}, R. and {Stappers}, B.~W. and {Susarla}, S.~C. and {Theureau}, G. and {Tiburzi}, C. and {van der Wateren}, E. and {Vecchio}, A. and {Venkatraman Krishnan}, V. and {Verbiest}, J.~P.~W. and {Wang}, J. and {Wang}, L. and {Wu}, Z.},
        title = "{The second data release from the European Pulsar Timing Array. I. The dataset and timing analysis}",
      journal = {Astron. Astrophys.},
     keywords = {gravitational waves, pulsars: general, methods: observational, parallaxes, proper motions, ephemerides, Astrophysics - High Energy Astrophysical Phenomena, Astrophysics - Astrophysics of Galaxies, Astrophysics - Instrumentation and Methods for Astrophysics, General Relativity and Quantum Cosmology},
         year = 2023,
        month = oct,
       volume = {678},
          eid = {A48},
        pages = {A48},
          doi = {10.1051/0004-6361/202346841},
archivePrefix = {arXiv},
       eprint = {2306.16224},
 primaryClass = {astro-ph.HE},
       adsurl = {https://ui.adsabs.harvard.edu/abs/2023A&A...678A..48E},
      adsnote = {Provided by the SAO/NASA Astrophysics Data System}
}

@article{Xu:2023wog,
    author = "Xu, Heng and others",
    title = "{Searching for the Nano-Hertz Stochastic Gravitational Wave Background with the Chinese Pulsar Timing Array Data Release I}",
    eprint = "2306.16216",
    archivePrefix = "arXiv",
    primaryClass = "astro-ph.HE",
    doi = "10.1088/1674-4527/acdfa5",
    journal = "Res. Astron. Astrophys.",
    volume = "23",
    number = "7",
    pages = "075024",
    year = "2023"
}

@article{Maggiore:1999vm,
    author = "Maggiore, Michele",
    title = "{Gravitational wave experiments and early universe cosmology}",
    eprint = "gr-qc/9909001",
    archivePrefix = "arXiv",
    reportNumber = "IFUP-TH-20-99",
    doi = "10.1016/S0370-1573(99)00102-7",
    journal = "Phys. Rept.",
    volume = "331",
    pages = "283--367",
    year = "2000"
}

@article{Caprini:2018mtu,
    author = "Caprini, Chiara and Figueroa, Daniel G.",
    title = "{Cosmological Backgrounds of Gravitational Waves}",
    eprint = "1801.04268",
    archivePrefix = "arXiv",
    primaryClass = "astro-ph.CO",
    doi = "10.1088/1361-6382/aac608",
    journal = "Class. Quant. Grav.",
    volume = "35",
    number = "16",
    pages = "163001",
    year = "2018"
}

@article{Chen:2021wdo,
    author = "Chen, Zu-Cheng and Yuan, Chen and Huang, Qing-Guo",
    title = "{Non-tensorial gravitational wave background in NANOGrav 12.5-year data set}",
    eprint = "2101.06869",
    archivePrefix = "arXiv",
    primaryClass = "astro-ph.CO",
    doi = "10.1007/s11433-021-1797-y",
    journal = "Sci. China Phys. Mech. Astron.",
    volume = "64",
    number = "12",
    pages = "120412",
    year = "2021"
}

@article{Wu:2021kmd,
    author = "Wu, Yu-Mei and Chen, Zu-Cheng and Huang, Qing-Guo",
    title = "{Constraining the Polarization of Gravitational Waves with the Parkes Pulsar Timing Array Second Data Release}",
    eprint = "2108.10518",
    archivePrefix = "arXiv",
    primaryClass = "astro-ph.CO",
    doi = "10.3847/1538-4357/ac35cc",
    journal = "Astrophys. J.",
    volume = "925",
    number = "1",
    pages = "37",
    year = "2022"
}

@article{Chen:2021ncc,
    author = "Chen, Zu-Cheng and Wu, Yu-Mei and Huang, Qing-Guo",
    title = "{Searching for isotropic stochastic gravitational-wave background in the international pulsar timing array second data release}",
    eprint = "2109.00296",
    archivePrefix = "arXiv",
    primaryClass = "astro-ph.CO",
    doi = "10.1088/1572-9494/ac7cdf",
    journal = "Commun. Theor. Phys.",
    volume = "74",
    number = "10",
    pages = "105402",
    year = "2022"
}

@article{PPTA:2022eul,
    author = "Wu, Yu-Mei and Chen, Zu-Cheng and Huang, Qing-Guo and Zhu, Xingjiang and Bhat, N. D. Ramesh and Feng, Yi and Hobbs, George and Manchester, Richard N. and Russell, Christopher J. and Shannon, R. M.",
    collaboration = "PPTA",
    title = "{Constraining ultralight vector dark matter with the Parkes Pulsar Timing Array second data release}",
    eprint = "2210.03880",
    archivePrefix = "arXiv",
    primaryClass = "astro-ph.CO",
    doi = "10.1103/PhysRevD.106.L081101",
    journal = "Phys. Rev. D",
    volume = "106",
    number = "8",
    pages = "L081101",
    year = "2022"
}

@article{Wu:2023pbt,
    author = "Wu, Yu-Mei and Chen, Zu-Cheng and Huang, Qing-Guo",
    title = "{Search for stochastic gravitational-wave background from massive gravity in the NANOGrav 12.5-year dataset}",
    eprint = "2302.00229",
    archivePrefix = "arXiv",
    primaryClass = "gr-qc",
    doi = "10.1103/PhysRevD.107.042003",
    journal = "Phys. Rev. D",
    volume = "107",
    number = "4",
    pages = "042003",
    year = "2023"
}

@article{Wu:2023dnp,
    author = "Wu, Yu-Mei and Chen, Zu-Cheng and Huang, Qing-Guo",
    title = "{Pulsar timing residual induced by ultralight tensor dark matter}",
    eprint = "2305.08091",
    archivePrefix = "arXiv",
    primaryClass = "hep-ph",
    doi = "10.1088/1475-7516/2023/09/021",
    journal = "JCAP",
    volume = "09",
    pages = "021",
    year = "2023"
}

@article{Madge:2023cak,
    author = "Madge, Eric and Morgante, Enrico and Puchades-Ib\'a\~nez, Cristina and Ramberg, Nicklas and Ratzinger, Wolfram and Schenk, Sebastian and Schwaller, Pedro",
    title = "{Primordial gravitational waves in the nano-Hertz regime and PTA data \textemdash{} towards solving the GW inverse problem}",
    eprint = "2306.14856",
    archivePrefix = "arXiv",
    primaryClass = "hep-ph",
    reportNumber = "MITP-23-029",
    doi = "10.1007/JHEP10(2023)171",
    journal = "JHEP",
    volume = "10",
    pages = "171",
    year = "2023"
}

@article{Kibble:1976sj,
    author = "Kibble, T. W. B.",
    title = "{Topology of Cosmic Domains and Strings}",
    reportNumber = "ICTP/75/5",
    doi = "10.1088/0305-4470/9/8/029",
    journal = "J. Phys. A",
    volume = "9",
    pages = "1387--1398",
    year = "1976"
}

@article{Vilenkin:1984ib,
    author = "Vilenkin, Alexander",
    title = "{Cosmic Strings and Domain Walls}",
    reportNumber = "PRINT-84-0840 (TUFTS)",
    doi = "10.1016/0370-1573(85)90033-X",
    journal = "Phys. Rept.",
    volume = "121",
    pages = "263--315",
    year = "1985"
}

@article{Caprini:2010xv,
	author = "Caprini, Chiara and Durrer, Ruth and Siemens, Xavier",
	title = "{Detection of gravitational waves from the QCD phase transition with pulsar timing arrays}",
	eprint = "1007.1218",
	archivePrefix = "arXiv",
	primaryClass = "astro-ph.CO",
	doi = "10.1103/PhysRevD.82.063511",
	journal = "Phys. Rev. D",
	volume = "82",
	pages = "063511",
	year = "2010"
}

@article{Kobakhidze:2017mru,
    author = "Kobakhidze, Archil and Lagger, Cyril and Manning, Adrian and Yue, Jason",
    title = "{Gravitational waves from a supercooled electroweak phase transition and their detection with pulsar timing arrays}",
    eprint = "1703.06552",
    archivePrefix = "arXiv",
    primaryClass = "hep-ph",
    doi = "10.1140/epjc/s10052-017-5132-y",
    journal = "Eur. Phys. J. C",
    volume = "77",
    number = "8",
    pages = "570",
    year = "2017"
}

@article{Arunasalam:2017ajm,
    author = "Arunasalam, Suntharan and Kobakhidze, Archil and Lagger, Cyril and Liang, Shelley and Zhou, Albert",
    title = "{Low temperature electroweak phase transition in the Standard Model with hidden scale invariance}",
    eprint = "1709.10322",
    archivePrefix = "arXiv",
    primaryClass = "hep-ph",
    doi = "10.1016/j.physletb.2017.11.017",
    journal = "Phys. Lett. B",
    volume = "776",
    pages = "48--53",
    year = "2018"
}


@article{Xue:2021gyq,
    author = "Xue, Xiao and others",
    title = "{Constraining Cosmological Phase Transitions with the Parkes Pulsar Timing Array}",
    eprint = "2110.03096",
    archivePrefix = "arXiv",
    primaryClass = "astro-ph.CO",
    doi = "10.1103/PhysRevLett.127.251303",
    journal = "Phys. Rev. Lett.",
    volume = "127",
    number = "25",
    pages = "251303",
    year = "2021"
}

@article{NANOGrav:2021flc,
    author = "Arzoumanian, Zaven and others",
    collaboration = "NANOGrav",
    title = "{Searching for Gravitational Waves from Cosmological Phase Transitions with the NANOGrav 12.5-Year Dataset}",
    eprint = "2104.13930",
    archivePrefix = "arXiv",
    primaryClass = "astro-ph.CO",
    doi = "10.1103/PhysRevLett.127.251302",
    journal = "Phys. Rev. Lett.",
    volume = "127",
    number = "25",
    pages = "251302",
    year = "2021"
}

@article{Moore:2021ibq,
    author = "Moore, Christopher J. and Vecchio, Alberto",
    title = "{Ultra-low-frequency gravitational waves from cosmological and astrophysical processes}",
    eprint = "2104.15130",
    archivePrefix = "arXiv",
    primaryClass = "astro-ph.CO",
    doi = "10.1038/s41550-021-01489-8",
    journal = "Nature Astron.",
    volume = "5",
    number = "12",
    pages = "1268--1274",
    year = "2021"
}

@article{Addazi:2023jvg,
    author = {{Addazi}, Andrea and {Cai}, Yi-Fu and {Marciano}, Antonino and {Visinelli}, Luca},
    title = "{Have pulsar timing array methods detected a cosmological phase transition?}",
    journal = {arXiv e-prints},
    keywords = {Astrophysics - Cosmology and Nongalactic Astrophysics, Astrophysics - High Energy Astrophysical Phenomena, High Energy Physics - Phenomenology, High Energy Physics - Theory},
    year = 2023,
    month = jun,
    eid = {arXiv:2306.17205},
    pages = {arXiv:2306.17205},
    doi = {10.48550/arXiv.2306.17205},
    archivePrefix = {arXiv},
    eprint = {2306.17205},
    primaryClass = {astro-ph.CO},
    adsurl = {https://ui.adsabs.harvard.edu/abs/2023arXiv230617205A},
    adsnote = {Provided by the SAO/NASA Astrophysics Data System}
}

@article{Athron:2023xlk,
       author = {{Athron}, Peter and {Bal{\'a}zs}, Csaba and {Fowlie}, Andrew and {Morris}, Lachlan and {Wu}, Lei},
        title = "{Cosmological phase transitions: from perturbative particle physics to gravitational waves}",
      journal = {arXiv e-prints},
     keywords = {High Energy Physics - Phenomenology, Astrophysics - Cosmology and Nongalactic Astrophysics},
         year = 2023,
        month = may,
          eid = {arXiv:2305.02357},
        pages = {arXiv:2305.02357},
          doi = {10.48550/arXiv.2305.02357},
archivePrefix = {arXiv},
       eprint = {2305.02357},
 primaryClass = {hep-ph},
       adsurl = {https://ui.adsabs.harvard.edu/abs/2023arXiv230502357A},
      adsnote = {Provided by the SAO/NASA Astrophysics Data System}
}

@article{Bringmann:2023opz,
    author = {{Bringmann}, Torsten and {Depta}, Paul Frederik and {Konstandin}, Thomas and {Schmidt-Hoberg}, Kai and {Tasillo}, Carlo},
        title = "{Does NANOGrav observe a dark sector phase transition?}",
      journal = {JCAP},
     keywords = {big bang nucleosynthesis, cosmological phase transitions, millisecond pulsars, particle physics - cosmology connection, Astrophysics - Cosmology and Nongalactic Astrophysics, High Energy Physics - Phenomenology},
         year = 2023,
        month = nov,
       volume = {2023},
       number = {11},
          eid = {053},
        pages = {053},
          doi = {10.1088/1475-7516/2023/11/053},
archivePrefix = {arXiv},
       eprint = {2306.09411},
 primaryClass = {astro-ph.CO},
       adsurl = {https://ui.adsabs.harvard.edu/abs/2023JCAP...11..053B},
      adsnote = {Provided by the SAO/NASA Astrophysics Data System}
}

@article{Damour:2004kw,
	author = "Damour, Thibault and Vilenkin, Alexander",
	title = "{Gravitational radiation from cosmic (super)strings: Bursts, stochastic background, and observational windows}",
	eprint = "hep-th/0410222",
	archivePrefix = "arXiv",
	doi = "10.1103/PhysRevD.71.063510",
	journal = "Phys. Rev. D",
	volume = "71",
	pages = "063510",
	year = "2005"
}

@article{Siemens:2006yp,
	author = "Siemens, Xavier and Mandic, Vuk and Creighton, Jolien",
	title = "{Gravitational wave stochastic background from cosmic (super)strings}",
	eprint = "astro-ph/0610920",
	archivePrefix = "arXiv",
	doi = "10.1103/PhysRevLett.98.111101",
	journal = "Phys. Rev. Lett.",
	volume = "98",
	pages = "111101",
	year = "2007"
}

@article{Chen:2022azo,
    author = "Chen, Zu-Cheng and Wu, Yu-Mei and Huang, Qing-Guo",
    title = "{Search for the Gravitational-wave Background from Cosmic Strings with the Parkes Pulsar Timing Array Second Data Release}",
    eprint = "2205.07194",
    archivePrefix = "arXiv",
    primaryClass = "astro-ph.CO",
    doi = "10.3847/1538-4357/ac86cb",
    journal = "Astrophys. J.",
    volume = "936",
    number = "1",
    pages = "20",
    year = "2022"
}

@article{Bian:2022tju,
    author = "Bian, Ligong and Shu, Jing and Wang, Bo and Yuan, Qiang and Zong, Junchao",
    title = "{Searching for cosmic string induced stochastic gravitational wave background with the Parkes Pulsar Timing Array}",
    eprint = "2205.07293",
    archivePrefix = "arXiv",
    primaryClass = "hep-ph",
    doi = "10.1103/PhysRevD.106.L101301",
    journal = "Phys. Rev. D",
    volume = "106",
    number = "10",
    pages = "L101301",
    year = "2022"
}

@article{Ferreira:2022zzo,
    author = "Ferreira, Ricardo Z. and Notari, Alessio and Pujolas, Oriol and Rompineve, Fabrizio",
    title = "{Gravitational waves from domain walls in Pulsar Timing Array datasets}",
    eprint = "2204.04228",
    archivePrefix = "arXiv",
    primaryClass = "astro-ph.CO",
    reportNumber = "CERN-TH-2022-214",
    doi = "10.1088/1475-7516/2023/02/001",
    journal = "JCAP",
    volume = "02",
    pages = "001",
    year = "2023"
}

@article{Tomita:1967non,
	title={Non-linear theory of gravitational instability in the expanding universe},
	author={Tomita, Kenji},
	journal={Progress of Theoretical Physics},
	volume={37},
	number={5},
	pages={831--846},
	year={1967},
	publisher={Oxford University Press}
}

@article{Saito:2008jc,
	author         = "Saito, Ryo and Yokoyama, Jun'ichi",
	title          = "{Gravitational wave background as a probe of the
	primordial black hole abundance}",
	journal        = "Phys. Rev. Lett.",
	volume         = "102",
	year           = "2009",
	pages          = "161101",
	doi            = "10.1103/PhysRevLett.102.161101,
	10.1103/PhysRevLett.107.069901",
	note           = "[Erratum: Phys. Rev. Lett.107,069901(2011)]",
	eprint         = "0812.4339",
	archivePrefix  = "arXiv",
	primaryClass   = "astro-ph",
	reportNumber   = "RESCEU-63-08",
	SLACcitation   = "%%CITATION = ARXIV:0812.4339;%%"
}

@article{Young:2014ana,
	author         = "Young, Sam and Byrnes, Christian T. and Sasaki, Misao",
	title          = "{Calculating the mass fraction of primordial black
	holes}",
	journal        = "JCAP",
	volume         = "1407",
	year           = "2014",
	pages          = "045",
	doi            = "10.1088/1475-7516/2014/07/045",
	eprint         = "1405.7023",
	archivePrefix  = "arXiv",
	primaryClass   = "gr-qc",
	SLACcitation   = "%%CITATION = ARXIV:1405.7023;%%"
}

@article{Yuan:2019wwo,
    author = "Yuan, Chen and Chen, Zu-Cheng and Huang, Qing-Guo",
    title = "{Log-dependent slope of scalar induced gravitational waves in the infrared regions}",
    eprint = "1910.09099",
    archivePrefix = "arXiv",
    primaryClass = "astro-ph.CO",
    doi = "10.1103/PhysRevD.101.043019",
    journal = "Phys. Rev. D",
    volume = "101",
    number = "4",
    pages = "043019",
    year = "2020"
}

@article{Yuan:2019udt,
    author = "Yuan, Chen and Chen, Zu-Cheng and Huang, Qing-Guo",
    title = "{Probing primordial\textendash{}black-hole dark matter with scalar induced gravitational waves}",
    eprint = "1906.11549",
    archivePrefix = "arXiv",
    primaryClass = "astro-ph.CO",
    doi = "10.1103/PhysRevD.100.081301",
    journal = "Phys. Rev. D",
    volume = "100",
    number = "8",
    pages = "081301",
    year = "2019"
}

@article{Chen:2019xse,
    author = "Chen, Zu-Cheng and Yuan, Chen and Huang, Qing-Guo",
    title = "{Pulsar Timing Array Constraints on Primordial Black Holes with NANOGrav 11-Year Dataset}",
    eprint = "1910.12239",
    archivePrefix = "arXiv",
    primaryClass = "astro-ph.CO",
    doi = "10.1103/PhysRevLett.124.251101",
    journal = "Phys. Rev. Lett.",
    volume = "124",
    number = "25",
    pages = "251101",
    year = "2020"
}

@article{Cai:2019bmk,
    author = "Cai, Rong-Gen and Guo, Zong-Kuan and Liu, Jing and Liu, Lang and Yang, Xing-Yu",
    title = "{Primordial black holes and gravitational waves from parametric amplification of curvature perturbations}",
    eprint = "1912.10437",
    archivePrefix = "arXiv",
    primaryClass = "astro-ph.CO",
    doi = "10.1088/1475-7516/2020/06/013",
    journal = "JCAP",
    volume = "06",
    pages = "013",
    year = "2020"
}

@article{Yuan:2019fwv,
    author = "Yuan, Chen and Chen, Zu-Cheng and Huang, Qing-Guo",
    title = "{Scalar induced gravitational waves in different gauges}",
    eprint = "1912.00885",
    archivePrefix = "arXiv",
    primaryClass = "astro-ph.CO",
    doi = "10.1103/PhysRevD.101.063018",
    journal = "Phys. Rev. D",
    volume = "101",
    number = "6",
    pages = "063018",
    year = "2020"
}
@article{deRham:2023ngf,
    author = "de Rham, Claudia and Ko\.zuszek, Jan and Tolley, Andrew J. and Wiseman, Toby",
    title = "{Dynamical formulation of ghost-free massive gravity}",
    eprint = "2302.04876",
    archivePrefix = "arXiv",
    primaryClass = "hep-th",
    reportNumber = "Imperial/TP/2023/CdR/01",
    doi = "10.1103/PhysRevD.108.084052",
    journal = "Phys. Rev. D",
    volume = "108",
    number = "8",
    pages = "084052",
    year = "2023"
}
@article{Liu:2018ess,
    author = "Liu, Lang and Guo, Zong-Kuan and Cai, Rong-Gen",
    title = "{Effects of the surrounding primordial black holes on the merger rate of primordial black hole binaries}",
    eprint = "1812.05376",
    archivePrefix = "arXiv",
    primaryClass = "astro-ph.CO",
    doi = "10.1103/PhysRevD.99.063523",
    journal = "Phys. Rev. D",
    volume = "99",
    number = "6",
    pages = "063523",
    year = "2019"
}

@article{Liu:2019rnx,
    author = "Liu, Lang and Guo, Zong-Kuan and Cai, Rong-Gen",
    title = "{Effects of the merger history on the merger rate density of primordial black hole binaries}",
    eprint = "1901.07672",
    archivePrefix = "arXiv",
    primaryClass = "astro-ph.CO",
    doi = "10.1140/epjc/s10052-019-7227-0",
    journal = "Eur. Phys. J. C",
    volume = "79",
    number = "8",
    pages = "717",
    year = "2019"
}

@article{Liu:2020cds,
    author = "Liu, Lang and Guo, Zong-Kuan and Cai, Rong-Gen and Kim, Sang Pyo",
    title = "{Merger rate distribution of primordial black hole binaries with electric charges}",
    eprint = "2001.02984",
    archivePrefix = "arXiv",
    primaryClass = "astro-ph.CO",
    doi = "10.1103/PhysRevD.102.043508",
    journal = "Phys. Rev. D",
    volume = "102",
    number = "4",
    pages = "043508",
    year = "2020"
}


@article{Liu:2021jnw,
    author = "Liu, Lang and Yang, Xing-Yu and Guo, Zong-Kuan and Cai, Rong-Gen",
    title = "{Testing primordial black hole and measuring the Hubble constant with multiband gravitational-wave observations}",
    eprint = "2112.05473",
    archivePrefix = "arXiv",
    primaryClass = "astro-ph.CO",
    doi = "10.1088/1475-7516/2023/01/006",
    journal = "JCAP",
    volume = "01",
    pages = "006",
    year = "2023"
}
@article{Liu:2023ymk,
    author = {{Liu}, Lang and {Chen}, Zu-Cheng and {Huang}, Qing-Guo},
        title = "{Implications for the non-Gaussianity of curvature perturbation from pulsar timing arrays}",
      journal = {arXiv e-prints},
     keywords = {Astrophysics - Cosmology and Nongalactic Astrophysics, General Relativity and Quantum Cosmology, High Energy Physics - Phenomenology},
         year = 2023,
        month = jul,
          eid = {arXiv:2307.01102},
        pages = {arXiv:2307.01102},
          doi = {10.48550/arXiv.2307.01102},
archivePrefix = {arXiv},
       eprint = {2307.01102},
 primaryClass = {astro-ph.CO},
       adsurl = {https://ui.adsabs.harvard.edu/abs/2023arXiv230701102L},
      adsnote = {Provided by the SAO/NASA Astrophysics Data System}
}

@article{Liu:2022iuf,
    author = "Liu, Lang and You, Zhi-Qiang and Wu, You and Chen, Zu-Cheng",
    title = "{Constraining the merger history of primordial-black-hole binaries from GWTC-3}",
    eprint = "2210.16094",
    archivePrefix = "arXiv",
    primaryClass = "astro-ph.CO",
    doi = "10.1103/PhysRevD.107.063035",
    journal = "Phys. Rev. D",
    volume = "107",
    number = "6",
    pages = "063035",
    year = "2023"
}

 @article{Cai:2023dls,
     author = {{Cai}, Yi-Fu and {He}, Xin-Chen and {Ma}, Xiao-Han and {Yan}, Sheng-Feng and {Yuan}, Guan-Wen},
        title = "{Limits on scalar-induced gravitational waves from the stochastic background by pulsar timing array observations}",
      journal = {arXiv e-prints},
     keywords = {General Relativity and Quantum Cosmology, Astrophysics - Cosmology and Nongalactic Astrophysics, Astrophysics - Astrophysics of Galaxies, Astrophysics - High Energy Astrophysical Phenomena, High Energy Physics - Phenomenology},
         year = 2023,
        month = jun,
          eid = {arXiv:2306.17822},
        pages = {arXiv:2306.17822},
          doi = {10.48550/arXiv.2306.17822},
archivePrefix = {arXiv},
       eprint = {2306.17822},
 primaryClass = {gr-qc},
       adsurl = {https://ui.adsabs.harvard.edu/abs/2023arXiv230617822C},
      adsnote = {Provided by the SAO/NASA Astrophysics Data System}
}

@Article{Carr:1974nx,
  author  = {Carr, Bernard J. and Hawking, S. W.},
  journal = {Mon. Not. Roy. Astron. Soc.},
  title   = {{Black holes in the early Universe}},
  year    = {1974},
  pages   = {399--415},
  volume  = {168},
  groups  = {inspirehep},
}

@Article{Hawking:1971ei,
  author  = {Hawking, Stephen},
  journal = {Mon. Not. Roy. Astron. Soc.},
  title   = {{Gravitationally collapsed objects of very low mass}},
  year    = {1971},
  pages   = {75},
  volume  = {152},
  groups  = {inspirehep},
}

@Article{Zeldovich:1967lct,
  author  = {Zel'dovich, Ya. B. and Novikov, I. D.},
  journal = {Soviet Astron. AJ (Engl. Transl. ),},
  title   = {{The Hypothesis of Cores Retarded during Expansion and the Hot Cosmological Model}},
  year    = {1967},
  pages   = {602},
  volume  = {10},
  groups  = {inspirehep},
}

@article{Chen:2018czv,
    author = "Chen, Zu-Cheng and Huang, Qing-Guo",
    title = "{Merger Rate Distribution of Primordial-Black-Hole Binaries}",
    eprint = "1801.10327",
    archivePrefix = "arXiv",
    primaryClass = "astro-ph.CO",
    doi = "10.3847/1538-4357/aad6e2",
    journal = "Astrophys. J.",
    volume = "864",
    number = "1",
    pages = "61",
    year = "2018"
}

@article{Chen:2018rzo,
    author = "Chen, Zu-Cheng and Huang, Fan and Huang, Qing-Guo",
    title = "{Stochastic Gravitational-wave Background from Binary Black Holes and Binary Neutron Stars and Implications for LISA}",
    eprint = "1809.10360",
    archivePrefix = "arXiv",
    primaryClass = "gr-qc",
    doi = "10.3847/1538-4357/aaf581",
    journal = "Astrophys. J.",
    volume = "871",
    number = "1",
    pages = "97",
    year = "2019"
}

@article{Chen:2019irf,
    author = "Chen, Zu-Cheng and Huang, Qing-Guo",
    title = "{Distinguishing Primordial Black Holes from Astrophysical Black Holes by Einstein Telescope and Cosmic Explorer}",
    eprint = "1904.02396",
    archivePrefix = "arXiv",
    primaryClass = "astro-ph.CO",
    doi = "10.1088/1475-7516/2020/08/039",
    journal = "JCAP",
    volume = "08",
    pages = "039",
    year = "2020"
}

@article{Wu:2020drm,
    author = "Wu, You",
    title = "{Merger history of primordial black-hole binaries}",
    eprint = "2001.03833",
    archivePrefix = "arXiv",
    primaryClass = "astro-ph.CO",
    doi = "10.1103/PhysRevD.101.083008",
    journal = "Phys. Rev. D",
    volume = "101",
    number = "8",
    pages = "083008",
    year = "2020"
}

@article{Chen:2022fda,
    author = "Chen, Zu-Cheng and Du, Shen-Shi and Huang, Qing-Guo and You, Zhi-Qiang",
    title = "{Constraints on primordial-black-hole population and cosmic expansion history from GWTC-3}",
    eprint = "2205.11278",
    archivePrefix = "arXiv",
    primaryClass = "astro-ph.CO",
    doi = "10.1088/1475-7516/2023/03/024",
    journal = "JCAP",
    volume = "03",
    pages = "024",
    year = "2023"
}

@article{Chen:2021nxo,
    author = "Chen, Zu-Cheng and Yuan, Chen and Huang, Qing-Guo",
    title = "{Confronting the primordial black hole scenario with the gravitational-wave events detected by LIGO-Virgo}",
    eprint = "2108.11740",
    archivePrefix = "arXiv",
    primaryClass = "astro-ph.CO",
    doi = "10.1016/j.physletb.2022.137040",
    journal = "Phys. Lett. B",
    volume = "829",
    pages = "137040",
    year = "2022"
}

@article{Chen:2022qvg,
    author = "Chen, Zu-Cheng and Kim, Sang Pyo and Liu, Lang",
    title = "{Gravitational and electromagnetic radiation from binary black holes with electric and magnetic charges: hyperbolic orbits on a cone}",
    eprint = "2210.15564",
    archivePrefix = "arXiv",
    primaryClass = "gr-qc",
    doi = "10.1088/1572-9494/acce98",
    journal = "Commun. Theor. Phys.",
    volume = "75",
    number = "6",
    pages = "065401",
    year = "2023"
}

@article{Zheng:2022wqo,
    author = "Zheng, Li-Ming and Li, Zhengxiang and Chen, Zu-Cheng and Zhou, Huan and Zhu, Zong-Hong",
    title = "{Towards a reliable reconstruction of the power spectrum of primordial curvature perturbation on small scales from GWTC-3}",
    eprint = "2212.05516",
    archivePrefix = "arXiv",
    primaryClass = "astro-ph.CO",
    doi = "10.1016/j.physletb.2023.137720",
    journal = "Phys. Lett. B",
    volume = "838",
    pages = "137720",
    year = "2023"
}

@article{Antoniadis:2023xlr,
    author = {{Antoniadis}, J. and {Arumugam}, P. and {Arumugam}, S. and {Auclair}, P. and {Babak}, S. and {Bagchi}, M. and {Bak Nielsen}, A. -S. and {Barausse}, E. and {Bassa}, C.~G. and {Bathula}, A. and {Berthereau}, A. and {Bonetti}, M. and {Bortolas}, E. and {Brook}, P.~R. and {Burgay}, M. and {Caballero}, R.~N. and {Caprini}, C. and {Chalumeau}, A. and {Champion}, D.~J. and {Chanlaridis}, S. and {Chen}, S. and {Cognard}, I. and {Crisostomi}, M. and {Dandapat}, S. and {Deb}, D. and {Desai}, S. and {Desvignes}, G. and {Dhanda-Batra}, N. and {Dwivedi}, C. and {Falxa}, M. and {Fastidio}, F. and {Ferdman}, R.~D. and {Franchini}, A. and {Gair}, J.~R. and {Goncharov}, B. and {Gopakumar}, A. and {Graikou}, E. and {Grie{\ss}meier}, J. -M. and {Gualandris}, A. and {Guillemot}, L. and {Guo}, Y.~J. and {Gupta}, Y. and {Hisano}, S. and {Hu}, H. and {Iraci}, F. and {Izquierdo-Villalba}, D. and {Jang}, J. and {Jawor}, J. and {Janssen}, G.~H. and {Jessner}, A. and {Joshi}, B.~C. and {Kareem}, F. and {Karuppusamy}, R. and {Keane}, E.~F. and {Keith}, M.~J. and {Kharbanda}, D. and {Khizriev}, T. and {Kikunaga}, T. and {Kolhe}, N. and {Kramer}, M. and {Krishnakumar}, M.~A. and {Lackeos}, K. and {Lee}, K.~J. and {Liu}, K. and {Liu}, Y. and {Lyne}, A.~G. and {McKee}, J.~W. and {Maan}, Y. and {Main}, R.~A. and {Mickaliger}, M.~B. and {Middleton}, H. and {Neronov}, A. and {Nitu}, I.~C. and {Nobleson}, K. and {Paladi}, A.~K. and {Parthasarathy}, A. and {Perera}, B.~B.~P. and {Perrodin}, D. and {Petiteau}, A. and {Porayko}, N.~K. and {Possenti}, A. and {Prabu}, T. and {Postnov}, K. and {Quelquejay Leclere}, H. and {Rana}, P. and {Roper Pol}, A. and {Samajdar}, A. and {Sanidas}, S.~A. and {Semikoz}, D. and {Sesana}, A. and {Shaifullah}, G. and {Singha}, J. and {Smarra}, C. and {Speri}, L. and {Spiewak}, R. and {Srivastava}, A. and {Stappers}, B.~W. and {Steer}, D.~A. and {Surnis}, M. and {Susarla}, S.~C. and {Susobhanan}, A. and {Takahashi}, K. and {Tarafdar}, P. and {Theureau}, G. and {Tiburzi}, C. and {Truant}, R.~J. and {van der Wateren}, E. and {Valtolina}, S. and {Vecchio}, A. and {Venkatraman Krishnan}, V. and {Verbiest}, J.~P.~W. and {Wang}, J. and {Wang}, L. and {Wu}, Z.},
        title = "{The second data release from the European Pulsar Timing Array: V. Implications for massive black holes, dark matter and the early Universe}",
      journal = {arXiv e-prints},
     keywords = {Astrophysics - Cosmology and Nongalactic Astrophysics, Astrophysics - Astrophysics of Galaxies, General Relativity and Quantum Cosmology},
         year = 2023,
        month = jun,
          eid = {arXiv:2306.16227},
        pages = {arXiv:2306.16227},
          doi = {10.48550/arXiv.2306.16227},
archivePrefix = {arXiv},
       eprint = {2306.16227},
 primaryClass = {astro-ph.CO},
       adsurl = {https://ui.adsabs.harvard.edu/abs/2023arXiv230616227A},
      adsnote = {Provided by the SAO/NASA Astrophysics Data System}
}

@article{Grishchuk:1976,
       author = {{Grishchuk}, L.~P.},
        title = "{Primordial gravitons and possibility of their observation}",
      journal = {Soviet Journal of Experimental and Theoretical Physics Letters},
         year = 1976,
        month = mar,
       volume = {23},
        pages = {293},
       adsurl = {https://ui.adsabs.harvard.edu/abs/1976JETPL..23..293G},
      adsnote = {Provided by the SAO/NASA Astrophysics Data System}
}

@article{Grishchuk:1977zz,
    author = "Grishchuk, L. P.",
    title = "{Graviton Creation in the Early Universe}",
    doi = "10.1111/j.1749-6632.1977.tb37064.x",
    journal = "Annals N. Y. Acad. Sci.",
    volume = "302",
    pages = "439",
    year = "1977"
}

@article{Starobinsky:1980te,
    author = "Starobinsky, Alexei A.",
    editor = "Khalatnikov, I. M. and Mineev, V. P.",
    title = "{A New Type of Isotropic Cosmological Models Without Singularity}",
    doi = "10.1016/0370-2693(80)90670-X",
    journal = "Phys. Lett. B",
    volume = "91",
    pages = "99--102",
    year = "1980"
}

@article{Linde:1981mu,
    author = "Linde, Andrei D.",
    editor = "Fang, Li-Zhi and Ruffini, R.",
    title = "{A New Inflationary Universe Scenario: A Possible Solution of the Horizon, Flatness, Homogeneity, Isotropy and Primordial Monopole Problems}",
    reportNumber = "LEBEDEV-81-229",
    doi = "10.1016/0370-2693(82)91219-9",
    journal = "Phys. Lett. B",
    volume = "108",
    pages = "389--393",
    year = "1982"
}

@article{Fabbri:1983us,
    author = "Fabbri, R. and Pollock, M. d.",
    title = "{The Effect of Primordially Produced Gravitons upon the Anisotropy of the Cosmological Microwave Background Radiation}",
    doi = "10.1016/0370-2693(83)91322-9",
    journal = "Phys. Lett. B",
    volume = "125",
    pages = "445--448",
    year = "1983"
}

@article{Grishchuk:2005qe,
    author = "Grishchuk, L. P.",
    title = "{Relic gravitational waves and cosmology}",
    eprint = "gr-qc/0504018",
    archivePrefix = "arXiv",
    doi = "10.1070/PU2005v048n12ABEH005795",
    journal = "Phys. Usp.",
    volume = "48",
    pages = "1235--1247",
    year = "2005"
}

@article{Lasky:2015lej,
    author = "Lasky, Paul D. and others",
    title = "{Gravitational-wave cosmology across 29 decades in frequency}",
    eprint = "1511.05994",
    archivePrefix = "arXiv",
    primaryClass = "astro-ph.CO",
    doi = "10.1103/PhysRevX.6.011035",
    journal = "Phys. Rev. X",
    volume = "6",
    number = "1",
    pages = "011035",
    year = "2016"
}

@article{Zhang:2023nrs,
    author = "Zhang, Zhao and Cai, Chengfeng and Su, Yu-Hang and Wang, Shiyu and Yu, Zhao-Huan and Zhang, Hong-Hao",
    title = "{Nano-Hertz gravitational waves from collapsing domain walls associated with freeze-in dark matter in light of pulsar timing array observations}",
    eprint = "2307.11495",
    archivePrefix = "arXiv",
    primaryClass = "hep-ph",
    doi = "10.1103/PhysRevD.108.095037",
    journal = "Phys. Rev. D",
    volume = "108",
    number = "9",
    pages = "095037",
    year = "2023"
}

@article{Higuchi:1986py,
    author = "Higuchi, Atsushi",
    title = "{Forbidden Mass Range for Spin-2 Field Theory in De Sitter Space-time}",
    reportNumber = "YTP-86-06",
    doi = "10.1016/0550-3213(87)90691-2",
    journal = "Nucl. Phys. B",
    volume = "282",
    pages = "397--436",
    year = "1987"
}

@article{Deryagin:1986,
       author = {{Deryagin}, D.~V. and {Grigoriev}, D. Yu. and {Rubakov}, V.~A. and {Sazhin}, M.~V.},
        title = "{Possible Anisotropic Phases in the Early Universe and Gravitational Wave Background}",
      journal = {Modern Physics Letters A},
         year = 1986,
        month = jan,
       volume = {1},
       number = {11},
        pages = {593-600},
          doi = {10.1142/S0217732386000750},
       adsurl = {https://ui.adsabs.harvard.edu/abs/1986MPLA....1..593D},
      adsnote = {Provided by the SAO/NASA Astrophysics Data System}
}

% Adding for the footnote, 2025-05-28

@article{deRham:2012fw,
    author = "de Rham, Claudia and Tolley, Andrew J. and Wesley, Daniel H.",
    title = "{Vainshtein Mechanism in Binary Pulsars}",
    eprint = "1208.0580",
    archivePrefix = "arXiv",
    primaryClass = "gr-qc",
    doi = "10.1103/PhysRevD.87.044025",
    journal = "Phys. Rev. D",
    volume = "87",
    number = "4",
    pages = "044025",
    year = "2013"
}

@article{Bloomfield:2014zfa,
    author = "Bloomfield, Jolyon K. and Burrage, Clare and Davis, Anne-Christine",
    title = "{Shape dependence of Vainshtein screening}",
    eprint = "1408.4759",
    archivePrefix = "arXiv",
    primaryClass = "gr-qc",
    doi = "10.1103/PhysRevD.91.083510",
    journal = "Phys. Rev. D",
    volume = "91",
    number = "8",
    pages = "083510",
    year = "2015"
}

@article{Falck:2015rsa,
    author = "Falck, Bridget and Koyama, Kazuya and Zhao, Gong-Bo",
    title = "{Cosmic Web and Environmental Dependence of Screening: Vainshtein vs. Chameleon}",
    eprint = "1503.06673",
    archivePrefix = "arXiv",
    primaryClass = "astro-ph.CO",
    doi = "10.1088/1475-7516/2015/07/049",
    journal = "JCAP",
    volume = "07",
    pages = "049",
    year = "2015"
}

@article{Falck:2014jwa,
    author = "Falck, Bridget and Koyama, Kazuya and Zhao, Gong-bo and Li, Baojiu",
    title = "{The Vainshtein Mechanism in the Cosmic Web}",
    eprint = "1404.2206",
    archivePrefix = "arXiv",
    primaryClass = "astro-ph.CO",
    doi = "10.1088/1475-7516/2014/07/058",
    journal = "JCAP",
    volume = "07",
    pages = "058",
    year = "2014"
}

@article{Kase:2015zva,
    author = "Kase, Ryotaro and Tsujikawa, Shinji and De Felice, Antonio",
    title = "{Cosmology with a successful Vainshtein screening in theories beyond Horndeski}",
    eprint = "1510.06853",
    archivePrefix = "arXiv",
    primaryClass = "gr-qc",
    reportNumber = "YITP-15-88",
    doi = "10.1103/PhysRevD.93.024007",
    journal = "Phys. Rev. D",
    volume = "93",
    number = "2",
    pages = "024007",
    year = "2016"
}

@article{Koyama:2015oma,
    author = "Koyama, Kazuya and Sakstein, Jeremy",
    title = "{Astrophysical Probes of the Vainshtein Mechanism: Stars and Galaxies}",
    eprint = "1502.06872",
    archivePrefix = "arXiv",
    primaryClass = "astro-ph.CO",
    doi = "10.1103/PhysRevD.91.124066",
    journal = "Phys. Rev. D",
    volume = "91",
    pages = "124066",
    year = "2015"
}

@article{Moore:2014lga,
    author = "Moore, C. J. and Cole, R. H. and Berry, C. P. L.",
    title = "{Gravitational-wave sensitivity curves}",
    eprint = "1408.0740",
    archivePrefix = "arXiv",
    primaryClass = "gr-qc",
    reportNumber = "LIGO-P1400129",
    doi = "10.1088/0264-9381/32/1/015014",
    journal = "Class. Quant. Grav.",
    volume = "32",
    number = "1",
    pages = "015014",
    year = "2015"
}

@article{Liang:2021bct,
    author = "Liang, Qiuyue and Trodden, Mark",
    title = "{Detecting the stochastic gravitational wave background from massive gravity with pulsar timing arrays}",
    eprint = "2108.05344",
    archivePrefix = "arXiv",
    primaryClass = "astro-ph.CO",
    doi = "10.1103/PhysRevD.104.084052",
    journal = "Phys. Rev. D",
    volume = "104",
    number = "8",
    pages = "084052",
    year = "2021"
}

@article{Clifton:2011jh,
    author = "Clifton, Timothy and Ferreira, Pedro G. and Padilla, Antonio and Skordis, Constantinos",
    title = "{Modified Gravity and Cosmology}",
    eprint = "1106.2476",
    archivePrefix = "arXiv",
    primaryClass = "astro-ph.CO",
    doi = "10.1016/j.physrep.2012.01.001",
    journal = "Phys. Rept.",
    volume = "513",
    pages = "1--189",
    year = "2012"
}

@article{Nojiri:2010wj,
    author = "Nojiri, Shin'ichi and Odintsov, Sergei D.",
    title = "{Unified cosmic history in modified gravity: from F(R) theory to Lorentz non-invariant models}",
    eprint = "1011.0544",
    archivePrefix = "arXiv",
    primaryClass = "gr-qc",
    doi = "10.1016/j.physrep.2011.04.001",
    journal = "Phys. Rept.",
    volume = "505",
    pages = "59--144",
    year = "2011"
}

@article{Joyce:2014kja,
    author = "Joyce, Austin and Jain, Bhuvnesh and Khoury, Justin and Trodden, Mark",
    title = "{Beyond the Cosmological Standard Model}",
    eprint = "1407.0059",
    archivePrefix = "arXiv",
    primaryClass = "astro-ph.CO",
    doi = "10.1016/j.physrep.2014.12.002",
    journal = "Phys. Rept.",
    volume = "568",
    pages = "1--98",
    year = "2015"
}

@article{Copeland:2006wr,
    author = "Copeland, Edmund J. and Sami, M. and Tsujikawa, Shinji",
    title = "{Dynamics of dark energy}",
    eprint = "hep-th/0603057",
    archivePrefix = "arXiv",
    doi = "10.1142/S021827180600942X",
    journal = "Int. J. Mod. Phys. D",
    volume = "15",
    pages = "1753--1936",
    year = "2006"
}

@article{Peebles:2002gy,
    author = "Peebles, P. J. E. and Ratra, Bharat",
    editor = "Hsu, Jong-Ping and Fine, D.",
    title = "{The Cosmological Constant and Dark Energy}",
    eprint = "astro-ph/0207347",
    archivePrefix = "arXiv",
    reportNumber = "KSUPT-02-3",
    doi = "10.1103/RevModPhys.75.559",
    journal = "Rev. Mod. Phys.",
    volume = "75",
    pages = "559--606",
    year = "2003"
}

@article{Blas:2024jyh,
    author = {{Blas}, Diego and {Carlton}, John and {McCabe}, Christopher},
        title = "{Massive graviton dark matter searches with long-baseline atom interferometers}",
      journal = {arXiv e-prints},
     keywords = {High Energy Physics - Phenomenology, Astrophysics - Cosmology and Nongalactic Astrophysics, General Relativity and Quantum Cosmology, Physics - Atomic Physics, Quantum Physics},
         year = 2024,
        month = dec,
          eid = {arXiv:2412.14282},
        pages = {arXiv:2412.14282},
          doi = {10.48550/arXiv.2412.14282},
archivePrefix = {arXiv},
       eprint = {2412.14282},
 primaryClass = {hep-ph},
       adsurl = {https://ui.adsabs.harvard.edu/abs/2024arXiv241214282B},
      adsnote = {Provided by the SAO/NASA Astrophysics Data System}
}


@article{Nojiri:2017ncd,
    author = "Nojiri, S. and Odintsov, S. D. and Oikonomou, V. K.",
    title = "{Modified Gravity Theories on a Nutshell: Inflation, Bounce and Late-time Evolution}",
    eprint = "1705.11098",
    archivePrefix = "arXiv",
    primaryClass = "gr-qc",
    reportNumber = "PHYS.REPT.-692-(2017)-1-104, Phys.Rept. 692 (2017) 1-104",
    doi = "10.1016/j.physrep.2017.06.001",
    journal = "Phys. Rept.",
    volume = "692",
    pages = "1--104",
    year = "2017"
}

@article{Planck:2015bue,
    author = "Ade, P. A. R. and others",
    collaboration = "Planck",
    title = "{Planck 2015 results. XIV. Dark energy and modified gravity}",
    eprint = "1502.01590",
    archivePrefix = "arXiv",
    primaryClass = "astro-ph.CO",
    doi = "10.1051/0004-6361/201525814",
    journal = "Astron. Astrophys.",
    volume = "594",
    pages = "A14",
    year = "2016"
}

@article{Cusin:2016ytz,
    author = {{Cusin}, Giulia and {Khosravi}, Nima and {Noller}, Johannes},
        title = "{On scale-free extensions of massive (bi-)gravity}",
      journal = {Journal of High Energy Physics},
     keywords = {Classical Theories of Gravity, Space-Time Symmetries, High Energy Physics - Theory, Astrophysics - Cosmology and Nongalactic Astrophysics, General Relativity and Quantum Cosmology},
         year = 2017,
        month = feb,
       volume = {2017},
       number = {2},
          eid = {98},
        pages = {98},
          doi = {10.1007/JHEP02(2017)098},
archivePrefix = {arXiv},
       eprint = {1608.06643},
 primaryClass = {hep-th},
       adsurl = {https://ui.adsabs.harvard.edu/abs/2017JHEP...02..098C},
      adsnote = {Provided by the SAO/NASA Astrophysics Data System}
}

@article{Detweiler:1979wn,
    author = "Detweiler, Steven L.",
    title = "{Pulsar timing measurements and the search for gravitational waves}",
    doi = "10.1086/157593",
    journal = "Astrophys. J.",
    volume = "234",
    pages = "1100--1104",
    year = "1979"
}

@article{Estabrook:1975jtn,
    author = "Estabrook, Frank B. and Wahlquist, Hugo D.",
    title = "{Response of Doppler spacecraft tracking to gravitational radiation}",
    doi = "10.1007/BF00762449",
    journal = "Gen. Rel. Grav.",
    volume = "6",
    number = "5",
    pages = "439--447",
    year = "1975"
}

@ARTICLE{Kaufmann:1970,
       author = {{Kaufmann}, William J.},
        title = "{Redshift Fluctuations arising from Gravitational Waves}",
      journal = {\nat},
         year = 1970,
        month = jul,
       volume = {227},
       number = {5254},
        pages = {157-158},
          doi = {10.1038/227157a0},
       adsurl = {https://ui.adsabs.harvard.edu/abs/1970Natur.227..157K},
      adsnote = {Provided by the SAO/NASA Astrophysics Data System}
}

@article{Anholm:2008wy,
    author = "Anholm, Melissa and Ballmer, Stefan and Creighton, Jolien D. E. and Price, Larry R. and Siemens, Xavier",
    title = "{Optimal strategies for gravitational wave stochastic background searches in pulsar timing data}",
    eprint = "0809.0701",
    archivePrefix = "arXiv",
    primaryClass = "gr-qc",
    doi = "10.1103/PhysRevD.79.084030",
    journal = "Phys. Rev. D",
    volume = "79",
    pages = "084030",
    year = "2009"
}

@article{Choi:2023tun,
    author = "Choi, Chris and Magallanes, Jacob and Gurgenidze, Murman and Kahniashvili, Tina",
    title = "{Stochastic gravitational wave background detection using NANOGrav 15-year data set in the context of massive gravity}",
    eprint = "2312.03932",
    archivePrefix = "arXiv",
    primaryClass = "astro-ph.CO",
    doi = "10.1103/PhysRevD.110.063525",
    journal = "Phys. Rev. D",
    volume = "110",
    number = "6",
    pages = "063525",
    year = "2024"
}

@article{Aoki:2016zgp,
    author = "Aoki, Katsuki and Mukohyama, Shinji",
    title = "{Massive gravitons as dark matter and gravitational waves}",
    eprint = "1604.06704",
    archivePrefix = "arXiv",
    primaryClass = "hep-th",
    doi = "10.1103/PhysRevD.94.024001",
    journal = "Phys. Rev. D",
    volume = "94",
    number = "2",
    pages = "024001",
    year = "2016"
}

@article{Kenjale:2024rsc,
    author = "Kenjale, Ved and Kahniashvili, Tina",
    title = "{Connecting inflation to the NANOGrav 15-year dataset via massive gravity}",
    eprint = "2410.09658",
    archivePrefix = "arXiv",
    primaryClass = "astro-ph.CO",
    doi = "10.1103/PhysRevD.111.103515",
    journal = "Phys. Rev. D",
    volume = "111",
    number = "10",
    pages = "103515",
    year = "2025"
}

@article{He:2021bqm,
    author = {{He}, Yutong and {Brandenburg}, Axel and {Sinha}, Aditya},
        title = "{Tensor spectrum of turbulence-sourced gravitational waves as a constraint on graviton mass}",
      journal = {JCAP},
     keywords = {gravitational waves / theory, modified gravity, primordial gravitational waves (theory), primordial magnetic fields, General Relativity and Quantum Cosmology, Astrophysics - Cosmology and Nongalactic Astrophysics},
         year = 2021,
        month = jul,
       volume = {2021},
       number = {7},
          eid = {015},
        pages = {015},
          doi = {10.1088/1475-7516/2021/07/015},
archivePrefix = {arXiv},
       eprint = {2104.03192},
 primaryClass = {gr-qc},
       adsurl = {https://ui.adsabs.harvard.edu/abs/2021JCAP...07..015H},
      adsnote = {Provided by the SAO/NASA Astrophysics Data System}
}

@article{DAmico:2011eto,
    author = "D'Amico, G. and de Rham, C. and Dubovsky, S. and Gabadadze, G. and Pirtskhalava, D. and Tolley, A. J.",
    title = "{Massive Cosmologies}",
    eprint = "1108.5231",
    archivePrefix = "arXiv",
    primaryClass = "hep-th",
    reportNumber = "NYU-TH-08-28-11",
    doi = "10.1103/PhysRevD.84.124046",
    journal = "Phys. Rev. D",
    volume = "84",
    pages = "124046",
    year = "2011"
}

@article{Gratia:2012wt,
    author = "Gratia, Pierre and Hu, Wayne and Wyman, Mark",
    title = "{Self-accelerating Massive Gravity: Exact solutions for any isotropic matter distribution}",
    eprint = "1205.4241",
    archivePrefix = "arXiv",
    primaryClass = "hep-th",
    doi = "10.1103/PhysRevD.86.061504",
    journal = "Phys. Rev. D",
    volume = "86",
    pages = "061504",
    year = "2012"
}

@article{Gumrukcuoglu:2012aa,
    author = "Gumrukcuoglu, A. Emir and Lin, Chunshan and Mukohyama, Shinji",
    title = "{Anisotropic Friedmann-Robertson-Walker universe from nonlinear massive gravity}",
    eprint = "1206.2723",
    archivePrefix = "arXiv",
    primaryClass = "hep-th",
    reportNumber = "IPMU12-0123",
    doi = "10.1016/j.physletb.2012.09.049",
    journal = "Phys. Lett. B",
    volume = "717",
    pages = "295--298",
    year = "2012"
}

@article{Maeda:2013bha,
    author = "Maeda, Kei-ichi and Volkov, Mikhail S.",
    title = "{Anisotropic universes in the ghost-free bigravity}",
    eprint = "1302.6198",
    archivePrefix = "arXiv",
    primaryClass = "hep-th",
    doi = "10.1103/PhysRevD.87.104009",
    journal = "Phys. Rev. D",
    volume = "87",
    pages = "104009",
    year = "2013"
}

@inproceedings{Akrami:2013pna,
    author = "Akrami, Yashar and Koivisto, Tomi S. and Sandstad, Marit",
    title = "{Cosmological constraints on ghost-free bigravity: background dynamics and late-time acceleration}",
    booktitle = "{13th Marcel Grossmann Meeting on Recent Developments in Theoretical and Experimental General Relativity, Astrophysics, and Relativistic Field Theories}",
    eprint = "1302.5268",
    archivePrefix = "arXiv",
    primaryClass = "astro-ph.CO",
    doi = "10.1142/9789814623995_0138",
    pages = "1252--1254",
    year = "2015"
}

@article{Zhang:2013noa,
    author = "Zhang, Kaituo and Wu, Puxun and Yu, Hongwei",
    title = "{Oscillating universe in massive gravity}",
    eprint = "1302.6407",
    archivePrefix = "arXiv",
    primaryClass = "gr-qc",
    doi = "10.1103/PhysRevD.87.063513",
    journal = "Phys. Rev. D",
    volume = "87",
    number = "6",
    pages = "063513",
    year = "2013"
}

@article{Lambiase:2012fv,
    author = {{Lambiase}, G.},
        title = "{Constraints on massive gravity theory from big bang nucleosynthesis}",
      journal = {JCAP},
     keywords = {General Relativity and Quantum Cosmology, Astrophysics - Cosmology and Nongalactic Astrophysics},
         year = 2012,
        month = oct,
       volume = {2012},
       number = {10},
          eid = {028},
        pages = {028},
          doi = {10.1088/1475-7516/2012/10/028},
archivePrefix = {arXiv},
       eprint = {1208.5512},
 primaryClass = {gr-qc},
       adsurl = {https://ui.adsabs.harvard.edu/abs/2012JCAP...10..028L},
      adsnote = {Provided by the SAO/NASA Astrophysics Data System}
}

@article{Koyama:2011wx,
    author = {{Koyama}, Kazuya and {Niz}, Gustavo and {Tasinato}, Gianmassimo},
        title = "{The self-accelerating universe with vectors in massive gravity}",
      journal = {Journal of High Energy Physics},
     keywords = {Cosmology of Theories beyond the SM, Classical Theories of Gravity, High Energy Physics - Theory, Astrophysics - Cosmology and Nongalactic Astrophysics, General Relativity and Quantum Cosmology},
         year = 2011,
        month = dec,
       volume = {2011},
          eid = {65},
        pages = {65},
          doi = {10.1007/JHEP12(2011)065},
archivePrefix = {arXiv},
       eprint = {1110.2618},
 primaryClass = {hep-th},
       adsurl = {https://ui.adsabs.harvard.edu/abs/2011JHEP...12..065K},
      adsnote = {Provided by the SAO/NASA Astrophysics Data System}
}

@article{Tasinato:2012ze,
    author = "Tasinato, Gianmassimo and Koyama, Kazuya and Niz, Gustavo",
    title = "{Vector instabilities and self-acceleration in the decoupling limit of massive gravity}",
    eprint = "1210.3627",
    archivePrefix = "arXiv",
    primaryClass = "hep-th",
    doi = "10.1103/PhysRevD.87.064029",
    journal = "Phys. Rev. D",
    volume = "87",
    number = "6",
    pages = "064029",
    year = "2013"
}

@article{Solomon:2014iwa,
    author = {{Solomon}, Adam R. and {Enander}, Jonas and {Akrami}, Yashar and {Koivisto}, Tomi S. and {K{\"o}nnig}, Frank and {M{\"o}rtsell}, Edvard},
        title = "{Cosmological viability of massive gravity with generalized matter coupling}",
      journal = {JCAP},
     keywords = {Astrophysics - Cosmology and Nongalactic Astrophysics, General Relativity and Quantum Cosmology, High Energy Physics - Theory},
         year = 2015,
        month = apr,
       volume = {2015},
       number = {4},
        pages = {027-027},
          doi = {10.1088/1475-7516/2015/04/027},
archivePrefix = {arXiv},
       eprint = {1409.8300},
 primaryClass = {astro-ph.CO},
       adsurl = {https://ui.adsabs.harvard.edu/abs/2015JCAP...04..027S},
      adsnote = {Provided by the SAO/NASA Astrophysics Data System}
}

@article{Akrami:2013ffa,
    author = {{Akrami}, Yashar and {Koivisto}, Tomi S. and {Mota}, David F. and {Sandstad}, Marit},
        title = "{Bimetric gravity doubly coupled to matter: theory and cosmological implications}",
      journal = {JCAP},
     keywords = {High Energy Physics - Theory, Astrophysics - Cosmology and Extragalactic Astrophysics, General Relativity and Quantum Cosmology},
         year = 2013,
        month = oct,
       volume = {2013},
       number = {10},
          eid = {046},
        pages = {046},
          doi = {10.1088/1475-7516/2013/10/046},
archivePrefix = {arXiv},
       eprint = {1306.0004},
 primaryClass = {hep-th},
       adsurl = {https://ui.adsabs.harvard.edu/abs/2013JCAP...10..046A},
      adsnote = {Provided by the SAO/NASA Astrophysics Data System}
}
}

@article{Koennig:2014ods,
    author = "Koennig, Frank and Akrami, Yashar and Amendola, Luca and Motta, Mariele and Solomon, Adam R.",
    title = "{Stable and unstable cosmological models in bimetric massive gravity}",
    eprint = "1407.4331",
    archivePrefix = "arXiv",
    primaryClass = "astro-ph.CO",
    doi = "10.1103/PhysRevD.90.124014",
    journal = "Phys. Rev. D",
    volume = "90",
    pages = "124014",
    year = "2014"
}

@article{Gumrukcuoglu:2016hic,
    author = "Gumrukcuoglu, A. Emir and Koyama, Kazuya and Mukohyama, Shinji",
    title = "{Role of matter in extended quasidilaton massive gravity}",
    eprint = "1610.03562",
    archivePrefix = "arXiv",
    primaryClass = "hep-th",
    reportNumber = "IMPERIAL-TP-2016-AEG-4, YITP-16-112, IPMU16-0145",
    doi = "10.1103/PhysRevD.94.123510",
    journal = "Phys. Rev. D",
    volume = "94",
    number = "12",
    pages = "123510",
    year = "2016"
}

@article{Gumrukcuoglu:2013nza,
    author = {G\"umr\"uk\c{c}\"uo\u{g}lu, A. Emir and Hinterbichler, Kurt and Lin, Chunshan and Mukohyama, Shinji and Trodden, Mark},
    title = "{Cosmological Perturbations in Extended Massive Gravity}",
    eprint = "1304.0449",
    archivePrefix = "arXiv",
    primaryClass = "hep-th",
    doi = "10.1103/PhysRevD.88.024023",
    journal = "Phys. Rev. D",
    volume = "88",
    number = "2",
    pages = "024023",
    year = "2013"
}

@article{DeFelice:2013awa,
    author = {{De Felice}, Antonio and {Emir G{\"u}mr{\"u}k{\c{c}}{\"u}o{\u{g}}lu}, A. and {Lin}, Chunshan and {Mukohyama}, Shinji},
        title = "{Nonlinear stability of cosmological solutions in massive gravity}",
      journal = {JCAP},
     keywords = {High Energy Physics - Theory, Astrophysics - Cosmology and Extragalactic Astrophysics, General Relativity and Quantum Cosmology},
         year = 2013,
        month = may,
       volume = {2013},
       number = {5},
          eid = {035},
        pages = {035},
          doi = {10.1088/1475-7516/2013/05/035},
archivePrefix = {arXiv},
       eprint = {1303.4154},
 primaryClass = {hep-th},
       adsurl = {https://ui.adsabs.harvard.edu/abs/2013JCAP...05..035D},
      adsnote = {Provided by the SAO/NASA Astrophysics Data System}
}

@article{DeFelice:2013bxa,
    author = {De Felice, Antonio and G\"umr\"uk\c{c}\"uo\u{g}lu, A. Emir and Lin, Chunshan and Mukohyama, Shinji},
    title = "{On the cosmology of massive gravity}",
    eprint = "1304.0484",
    archivePrefix = "arXiv",
    primaryClass = "hep-th",
    reportNumber = "IPMU13-0072",
    doi = "10.1088/0264-9381/30/18/184004",
    journal = "Class. Quant. Grav.",
    volume = "30",
    pages = "184004",
    year = "2013"
}

@article{Babichev:2015xha,
    author = "Babichev, Eugeny and Brito, Richard",
    title = "{Black holes in massive gravity}",
    eprint = "1503.07529",
    archivePrefix = "arXiv",
    primaryClass = "gr-qc",
    reportNumber = "LPT-ORSAY-15-53",
    doi = "10.1088/0264-9381/32/15/154001",
    journal = "Class. Quant. Grav.",
    volume = "32",
    pages = "154001",
    year = "2015"
}

@article{Sakstein:2017bws,
    author = "Sakstein, Jeremy and Jain, Bhuvnesh and Heyl, Jeremy S. and Hui, Lam",
    title = "{Tests of Gravity Theories Using Supermassive Black Holes}",
    eprint = "1704.02425",
    archivePrefix = "arXiv",
    primaryClass = "astro-ph.CO",
    doi = "10.3847/2041-8213/aa7e26",
    journal = "Astrophys. J. Lett.",
    volume = "844",
    number = "1",
    pages = "L14",
    year = "2017"
}

% here starts the references I added during flight 1
@article{Arjona:2024cex,
    author = "Arjona, Rub\'en and Nesseris, Savvas and Kuroyanagi, Sachiko",
    title = "{Comparative analysis of the NANOgrav Hellings-Downs as a window into new physics}",
    eprint = "2412.12975",
    archivePrefix = "arXiv",
    journal = {arXiv e-prints},
    primaryClass = "astro-ph.CO",
    reportNumber = "IFT-UAM/CSIC-24-173",
    month = "12",
    year = "2024"
}

@article{Romano:2023zhb,
    author = "Romano, Joseph D. and Allen, Bruce",
    title = "{Answers to frequently asked questions about the pulsar timing array Hellings and Downs curve}",
    eprint = "2308.05847",
    archivePrefix = "arXiv",
    primaryClass = "gr-qc",
    doi = "10.1088/1361-6382/ad4c4c",
    journal = "Class. Quant. Grav.",
    volume = "41",
    number = "17",
    pages = "175008",
    year = "2024"
}

@article{Allen:2022ksj,
    author = "Allen, Bruce and Romano, Joseph D.",
    title = "{Hellings and Downs correlation of an arbitrary set of pulsars}",
    eprint = "2208.07230",
    archivePrefix = "arXiv",
    primaryClass = "gr-qc",
    doi = "10.1103/PhysRevD.108.043026",
    journal = "Phys. Rev. D",
    volume = "108",
    number = "4",
    pages = "043026",
    year = "2023"
}

@article{Depta:2024ykq,
    author = "Depta, Paul Frederik and Domcke, Valerie and Franciolini, Gabriele and Pieroni, Mauro",
    title = "{Pulsar timing array sensitivity to anisotropies in the gravitational wave background}",
    eprint = "2407.14460",
    archivePrefix = "arXiv",
    primaryClass = "astro-ph.CO",
    reportNumber = "CERN-TH-2024-116",
    doi = "10.1103/PhysRevD.111.083039",
    journal = "Phys. Rev. D",
    volume = "111",
    number = "8",
    pages = "083039",
    year = "2025"
}

@article{Bravo:2025csu,
       author = {{Bravo}, Rafael and {Riquelme}, Walter},
        title = "{Imprints of Large-Scale Structures in the Anisotropies of the Cosmological Gravitational Wave Background}",
      journal = {arXiv e-prints},
     keywords = {Cosmology and Nongalactic Astrophysics, General Relativity and Quantum Cosmology, High Energy Physics - Theory},
         year = 2025,
        month = may,
          eid = {arXiv:2505.15084},
        pages = {arXiv:2505.15084},
          doi = {10.48550/arXiv.2505.15084},
archivePrefix = {arXiv},
       eprint = {2505.15084},
 primaryClass = {astro-ph.CO},
       adsurl = {https://ui.adsabs.harvard.edu/abs/2025arXiv250515084B},
      adsnote = {Provided by the SAO/NASA Astrophysics Data System}
}

@article{Cusin:2025xle,
       author = {{Cusin}, Giulia and {Pitrou}, Cyril and {Pijnenburg}, Martin and {Sesana}, Alberto},
        title = "{Measuring anisotropies in the PTA band with cross-correlations}",
      journal = {arXiv e-prints},
     keywords = {General Relativity and Quantum Cosmology, Cosmology and Nongalactic Astrophysics, Astrophysics of Galaxies},
         year = 2025,
        month = feb,
          eid = {arXiv:2502.17401},
        pages = {arXiv:2502.17401},
          doi = {10.48550/arXiv.2502.17401},
archivePrefix = {arXiv},
       eprint = {2502.17401},
 primaryClass = {gr-qc},
       adsurl = {https://ui.adsabs.harvard.edu/abs/2025arXiv250217401C},
      adsnote = {Provided by the SAO/NASA Astrophysics Data System}
}

@article{Kuwahara:2024jiz,
       author = {{Kuwahara}, Soichiro and {Tsukada}, Leo},
        title = "{Applicability of multi-component study on Bayesian searches for targeted anisotropic stochastic gravitational-wave background}",
      journal = {arXiv e-prints},
     keywords = {General Relativity and Quantum Cosmology, Astrophysics - High Energy Astrophysical Phenomena},
         year = 2024,
        month = nov,
          eid = {arXiv:2411.19761},
        pages = {arXiv:2411.19761},
          doi = {10.48550/arXiv.2411.19761},
archivePrefix = {arXiv},
       eprint = {2411.19761},
 primaryClass = {gr-qc},
       adsurl = {https://ui.adsabs.harvard.edu/abs/2024arXiv241119761K},
      adsnote = {Provided by the SAO/NASA Astrophysics Data System}
}

@article{Li:2024lvt,
    author = "Li, Zhi-Yuan and Liang, Zheng-Cheng and Li, En-Kun and Zhang, Jian-dong and Hu, Yi-Ming",
    title = "{Mapping anisotropies in the stochastic gravitational-wave background with TianQin}",
    eprint = "2409.11245",
    archivePrefix = "arXiv",
    primaryClass = "gr-qc",
    doi = "10.1103/PhysRevD.111.102007",
    journal = "Phys. Rev. D",
    volume = "111",
    number = "10",
    pages = "102007",
    year = "2025"
}

@article{Tasinato:2013rza,
    author = "Tasinato, Gianmassimo and Koyama, Kazuya and Niz, Gustavo",
    title = "{Exact Solutions in Massive Gravity}",
    eprint = "1304.0601",
    archivePrefix = "arXiv",
    primaryClass = "hep-th",
    doi = "10.1088/0264-9381/30/18/184002",
    journal = "Class. Quant. Grav.",
    volume = "30",
    pages = "184002",
    year = "2013"
}

@article{Lee:2013awh,
    author = "Lee, K. J.",
    title = "{Pulsar Timing Arrays and Gravity Tests in the Radiative Regime}",
    eprint = "1404.2090",
    archivePrefix = "arXiv",
    primaryClass = "astro-ph.CO",
    doi = "10.1088/0264-9381/30/22/224016",
    journal = "Class. Quant. Grav.",
    volume = "30",
    pages = "224016",
    year = "2013"
}

@article{Blas:2016qmn,
    author = "Blas, Diego and Ivanov, Mikhail M. and Sawicki, Ignacy and Sibiryakov, Sergey",
    title = "{On constraining the speed of gravitational waves following GW150914}",
    eprint = "1602.04188",
    archivePrefix = "arXiv",
    primaryClass = "gr-qc",
    reportNumber = "CERN-TH-2016-034, INR-TH-2016-005",
    doi = "10.7868/S0370274X16100039",
    journal = "JETP Lett.",
    volume = "103",
    number = "10",
    pages = "624--626",
    year = "2016"
}

@article{

Allen:2024bnk,
    author = "Allen, Bruce",
    title = "{Pulsar timing array harmonic analysis and source angular correlations}",
    eprint = "2404.05677",
    archivePrefix = "arXiv",
    primaryClass = "gr-qc",
    doi = "10.1103/PhysRevD.110.043043",
    journal = "Phys. Rev. D",
    volume = "110",
    number = "4",
    pages = "043043",
    year = "2024"
}

@article{Gair:2014rwa,
    author = "Gair, Jonathan and Romano, Joseph D. and Taylor, Stephen and Mingarelli, Chiara M. F.",
    title = "{Mapping gravitational-wave backgrounds using methods from CMB analysis: Application to pulsar timing arrays}",
    eprint = "1406.4664",
    archivePrefix = "arXiv",
    primaryClass = "gr-qc",
    doi = "10.1103/PhysRevD.90.082001",
    journal = "Phys. Rev. D",
    volume = "90",
    number = "8",
    pages = "082001",
    year = "2014"
}

@article{Ali-Haimoud:2020ozu,
    author = {Ali-Ha\"\i{}moud, Yacine and Smith, Tristan L. and Mingarelli, Chiara M. F.},
    title = "{Fisher formalism for anisotropic gravitational-wave background searches with pulsar timing arrays}",
    eprint = "2006.14570",
    archivePrefix = "arXiv",
    primaryClass = "gr-qc",
    doi = "10.1103/PhysRevD.102.122005",
    journal = "Phys. Rev. D",
    volume = "102",
    number = "12",
    pages = "122005",
    year = "2020"
}

@article{Isi:2018miq,
    author = "Isi, Maximiliano and Stein, Leo C.",
    title = "{Measuring stochastic gravitational-wave energy beyond general relativity}",
    eprint = "1807.02123",
    archivePrefix = "arXiv",
    primaryClass = "gr-qc",
    reportNumber = "LIGO-P1700234",
    doi = "10.1103/PhysRevD.98.104025",
    journal = "Phys. Rev. D",
    volume = "98",
    number = "10",
    pages = "104025",
    year = "2018"
}

@article{LIGOScientific:2017vwq,
    author = "Abbott, B. P. and others",
    collaboration = "LIGO Scientific, Virgo",
    title = "{GW170817: Observation of Gravitational Waves from a Binary Neutron Star Inspiral}",
    eprint = "1710.05832",
    archivePrefix = "arXiv",
    primaryClass = "gr-qc",
    reportNumber = "LIGO-P170817",
    doi = "10.1103/PhysRevLett.119.161101",
    journal = "Phys. Rev. Lett.",
    volume = "119",
    number = "16",
    pages = "161101",
    year = "2017"
}

@article{LIGOScientific:2017zic,
    author = "Abbott, B. P. and others",
    collaboration = "LIGO Scientific, Virgo, Fermi-GBM, INTEGRAL",
    title = "{Gravitational Waves and Gamma-rays from a Binary Neutron Star Merger: GW170817 and GRB 170817A}",
    eprint = "1710.05834",
    archivePrefix = "arXiv",
    primaryClass = "astro-ph.HE",
    reportNumber = "LIGO-P1700308",
    doi = "10.3847/2041-8213/aa920c",
    journal = "Astrophys. J. Lett.",
    volume = "848",
    number = "2",
    pages = "L13",
    year = "2017"
}

@article{LIGOScientific:2017ync,
    author = "Abbott, B. P. and others",
    title = "{Multi-messenger Observations of a Binary Neutron Star Merger}",
    eprint = "1710.05833",
    archivePrefix = "arXiv",
    primaryClass = "astro-ph.HE",
    reportNumber = "LIGO-P1700294, VIR-0802A-17, FERMILAB-PUB-17-478-A-AE-CD",
    doi = "10.3847/2041-8213/aa91c9",
    journal = "Astrophys. J. Lett.",
    volume = "848",
    number = "2",
    pages = "L12",
    year = "2017"
}

@article{Mashhoon:2003ax,
    author = {{Mashhoon}, Bahram},
        title = "{Gravitoelectromagnetism: A Brief Review}",
      journal = {arXiv e-prints},
     keywords = {General Relativity and Quantum Cosmology, Astrophysics},
         year = 2003,
        month = nov,
          eid = {gr-qc/0311030},
        pages = {gr-qc/0311030},
          doi = {10.48550/arXiv.gr-qc/0311030},
archivePrefix = {arXiv},
       eprint = {gr-qc/0311030},
 primaryClass = {gr-qc},
       adsurl = {https://ui.adsabs.harvard.edu/abs/2003gr.qc....11030M},
      adsnote = {Provided by the SAO/NASA Astrophysics Data System}
}

@article{Proca:1936fbw,
    author = "Proca, Alexandru",
    title = "{Sur la theorie ondulatoire des electrons positifs et negatifs}",
    doi = "10.1051/jphysrad:0193600708034700",
    journal = "J. Phys. Radium",
    volume = "7",
    pages = "347--353",
    year = "1936"
}

@article{Wang:2024kir,
    author = "Wang, Bao and Wei, Jun-Jie",
    title = "{The Dispersion Relation of Massive Photons in Plasma: A Comment on \textquotedblleft{}Bounding the Photon Mass with Ultrawide Bandwidth Pulsar Timing Data and Dedispersed Pulses of Fast Radio Bursts\textquotedblright{}}",
    eprint = "2409.04672",
    archivePrefix = "arXiv",
    primaryClass = "astro-ph.HE",
    doi = "10.3847/2515-5172/ad7676",
    journal = "Res. Notes AAS",
    volume = "8",
    number = "9",
    pages = "222",
    year = "2024"
}

@book{Ryden:1970vsj,
    author = "Ryden, B.",
    title = "{Introduction to cosmology}",
    doi = "10.1017/9781316651087",
    isbn = "978-1-107-15483-4, 978-1-316-88984-8, 978-1-316-65108-7",
    publisher = "Cambridge University Press",
    year = "1970"
}

@inbook{deRham:2023byw,
    author = "de Rham, Claudia and Tolley, Andrew J.",
    editor = "Fazi, Giovanni G.",
    title = "{The Encyclopedia of Cosmology}: {Volume 1: Modified Gravity}",
    booktitle = "{The Encyclopedia of Cosmology}",
    doi = "10.1142/13578-vol1",
    publisher = "World Scientific",
    month = "11",
    year = "2023"
}

@article{Moffat:1998vi,
    author = {{Moffat}, J.~W.},
        title = "{Beyond The Standard Model}",
      journal = {arXiv e-prints},
     keywords = {General Relativity and Quantum Cosmology, High Energy Physics - Phenomenology, High Energy Physics - Theory},
         year = 1998,
        month = feb,
          eid = {hep-ph/9802228},
        pages = {hep-ph/9802228},
          doi = {10.48550/arXiv.hep-ph/9802228},
archivePrefix = {arXiv},
       eprint = {hep-ph/9802228},
 primaryClass = {gr-qc},
       adsurl = {https://ui.adsabs.harvard.edu/abs/1998hep.ph....2228M},
      adsnote = {Provided by the SAO/NASA Astrophysics Data System}
}

@article{Dvali:2013qwe,
    author = {Dvali, G.},
    year = {2013},
    month = {01},
    pages = {145-156},
    title = {A lecture on the hierarchy problem and gravity},
    journal = {2011 CERN-Latin-American School of High-Energy Physics, CLASHEP 2011 - Proceedings}
}

@article{Kenna-Allison:2019tbu,
    author = {Kenna-Allison, Michael and G\"umr\"uk\c{c}\"uoglu, A. Emir and Koyama, Kazuya},
    title = "{Stable cosmology in generalized massive gravity}",
    eprint = "1912.08560",
    archivePrefix = "arXiv",
    primaryClass = "hep-th",
    doi = "10.1103/PhysRevD.101.084014",
    journal = "Phys. Rev. D",
    volume = "101",
    number = "8",
    pages = "084014",
    year = "2020"
}

@article{Kazempour:2022giy,
    author = "Kazempour, Sobhan and Akbarieh, Amin Rezaei and Motavalli, Hossein and Shao, Lijing",
    title = "{Cosmology of Dirac-Born-Infeld-de Rham-Gabadadze-Tolley massive gravity}",
    eprint = "2205.10863",
    archivePrefix = "arXiv",
    primaryClass = "gr-qc",
    doi = "10.1103/PhysRevD.106.023508",
    journal = "Phys. Rev. D",
    volume = "106",
    number = "2",
    pages = "023508",
    year = "2022"
}

@article{EPTA:2023sfo,
    author = {{Antoniadis}, J. and {Babak}, S. and {Bak Nielsen}, A. -S. and {Bassa}, C.~G. and {Berthereau}, A. and {Bonetti}, M. and {Bortolas}, E. and {Brook}, P.~R. and {Burgay}, M. and {Caballero}, R.~N. and {Chalumeau}, A. and {Champion}, D.~J. and {Chanlaridis}, S. and {Chen}, S. and {Cognard}, I. and {Desvignes}, G. and {Falxa}, M. and {Ferdman}, R.~D. and {Franchini}, A. and {Gair}, J.~R. and {Goncharov}, B. and {Graikou}, E. and {Grie{\ss}meier}, J. -M. and {Guillemot}, L. and {Guo}, Y.~J. and {Hu}, H. and {Iraci}, F. and {Izquierdo-Villalba}, D. and {Jang}, J. and {Jawor}, J. and {Janssen}, G.~H. and {Jessner}, A. and {Karuppusamy}, R. and {Keane}, E.~F. and {Keith}, M.~J. and {Kramer}, M. and {Krishnakumar}, M.~A. and {Lackeos}, K. and {Lee}, K.~J. and {Liu}, K. and {Liu}, Y. and {Lyne}, A.~G. and {McKee}, J.~W. and {Main}, R.~A. and {Mickaliger}, M.~B. and {Ni{\c{t}}u}, I.~C. and {Parthasarathy}, A. and {Perera}, B.~B.~P. and {Perrodin}, D. and {Petiteau}, A. and {Porayko}, N.~K. and {Possenti}, A. and {Quelquejay Leclere}, H. and {Samajdar}, A. and {Sanidas}, S.~A. and {Sesana}, A. and {Shaifullah}, G. and {Speri}, L. and {Spiewak}, R. and {Stappers}, B.~W. and {Susarla}, S.~C. and {Theureau}, G. and {Tiburzi}, C. and {van der Wateren}, E. and {Vecchio}, A. and {Venkatraman Krishnan}, V. and {Verbiest}, J.~P.~W. and {Wang}, J. and {Wang}, L. and {Wu}, Z.},
collaboration = "EPTA Collaboration",
        title = "{The second data release from the European Pulsar Timing Array. I. The dataset and timing analysis}",
      journal = {Astron. Astrophys.},
     keywords = {gravitational waves, pulsars: general, methods: observational, parallaxes, proper motions, ephemerides, Astrophysics - High Energy Astrophysical Phenomena, Astrophysics - Astrophysics of Galaxies, Astrophysics - Instrumentation and Methods for Astrophysics, General Relativity and Quantum Cosmology},
         year = 2023,
        month = oct,
       volume = {678},
          eid = {A48},
        pages = {A48},
          doi = {10.1051/0004-6361/202346841},
archivePrefix = {arXiv},
       eprint = {2306.16224},
 primaryClass = {astro-ph.HE},
       adsurl = {https://ui.adsabs.harvard.edu/abs/2023A&A...678A..48E},
      adsnote = {Provided by the SAO/NASA Astrophysics Data System}
}

@article{EPTA:2023akd,
    author = "Antoniadis, J. and others",
    collaboration = "EPTA and InPTA Collaborations",
    title = "{The second data release from the European Pulsar Timing Array - II. Customised pulsar noise models for spatially correlated gravitational waves}",
    eprint = "2306.16225",
    archivePrefix = "arXiv",
    primaryClass = "astro-ph.HE",
    doi = "10.1051/0004-6361/202346842",
    journal = "Astron. Astrophys.",
    volume = "678",
    pages = "A49",
    year = "2023"
}

@article{EPTA:2023fyk,
    author = "Antoniadis, J. and others",
    collaboration = "EPTA and InPTA Collaborations",
    title = "{The second data release from the European Pulsar Timing Array - III. Search for gravitational wave signals}",
    eprint = "2306.16214",
    archivePrefix = "arXiv",
    primaryClass = "astro-ph.HE",
    doi = "10.1051/0004-6361/202346844",
    journal = "Astron. Astrophys.",
    volume = "678",
    pages = "A50",
    year = "2023"
}

@article{Sipp:2022kmb,
    author = "Sipp, Marvin and Schaefer, Bjoern Malte",
    title = "{Scalar-induced gravitational waves in a \ensuremath{\Lambda}CDM cosmology}",
    eprint = "2212.01190",
    archivePrefix = "arXiv",
    primaryClass = "astro-ph.CO",
    doi = "10.1103/PhysRevD.107.063538",
    journal = "Phys. Rev. D",
    volume = "107",
    number = "6",
    pages = "063538",
    year = "2023"
}

@article{Will:1997bb,
    author = "Will, Clifford M.",
    title = "{Bounding the mass of the graviton using gravitational wave observations of inspiralling compact binaries}",
    eprint = "gr-qc/9709011",
    archivePrefix = "arXiv",
    reportNumber = "WUGRAV-97-4",
    doi = "10.1103/PhysRevD.57.2061",
    journal = "Phys. Rev. D",
    volume = "57",
    pages = "2061--2068",
    year = "1998"
}

@dataset{Choi:2025git,
  author       = {Chris Choi},
  title        = {ChrisChoi314/graviton\_mass\_ORF: Code for "Do
                   Pulsar Timing Datasets Favor Massive Gravity?"
                  },
  month        = jul,
  year         = 2025,
  publisher    = {Zenodo},
  version      = {v1.2.0},
  doi          = {10.5281/zenodo.15793318},
  url          = {https://doi.org/10.5281/zenodo.15793318},
  swhid        = {swh:1:dir:386cb955528c77d4eac6c6ca7ec8a508b4239470
                   ;origin=https://doi.org/10.5281/zenodo.15727081;vi
                   sit=swh:1:snp:6b52e6c42e2f88309c03d63f2b80e1c48b80
                   d656;anchor=swh:1:rel:cd95915d96f2731003251bf254df
                   fd3ff727999d;path=ChrisChoi314-graviton\_mass\_ORF-8
                   a63e66
                  },
}

@book{Dodelson:2020bqr,
    author = "Dodelson, Scott and Schmidt, Fabian",
    title = "{Modern Cosmology}",
    doi = "10.1016/C2017-0-01943-2",
    publisher = "Academic Press",
    year = "2020"
}

@article{Smirnov:2025yru,
    author = {{Smirnov}, Juri},
        title = "{Dynamical Dark Energy Emerges from Massive Gravity}",
      journal = {arXiv e-prints},
     keywords = {Cosmology and Nongalactic Astrophysics, General Relativity and Quantum Cosmology, High Energy Physics - Phenomenology, High Energy Physics - Theory},
         year = 2025,
        month = may,
          eid = {arXiv:2505.03870},
        pages = {arXiv:2505.03870},
          doi = {10.48550/arXiv.2505.03870},
archivePrefix = {arXiv},
       eprint = {2505.03870},
 primaryClass = {astro-ph.CO},
       adsurl = {https://ui.adsabs.harvard.edu/abs/2025arXiv250503870S},
      adsnote = {Provided by the SAO/NASA Astrophysics Data System}
}

@article{Heisenberg:2024uwq,
    author = {{Heisenberg}, Lavinia and {Longo}, Alessandro and {Tambalo}, Giovanni and {Zumalacarregui}, Miguel},
        title = "{To the Problem of Cosmic Expansion in Massive Gravity}",
      journal = {arXiv e-prints},
     keywords = {General Relativity and Quantum Cosmology, Astrophysics - Cosmology and Nongalactic Astrophysics},
         year = 2024,
        month = nov,
          eid = {arXiv:2411.19873},
        pages = {arXiv:2411.19873},
          doi = {10.48550/arXiv.2411.19873},
archivePrefix = {arXiv},
       eprint = {2411.19873},
 primaryClass = {gr-qc},
       adsurl = {https://ui.adsabs.harvard.edu/abs/2024arXiv241119873H},
      adsnote = {Provided by the SAO/NASA Astrophysics Data System}
}

@article{KAGRA:2020agh,
    author = "Akutsu, T. and others",
    collaboration = "KAGRA",
    title = "{Overview of KAGRA: Calibration, detector characterization, physical environmental monitors, and the geophysics interferometer}",
    eprint = "2009.09305",
    archivePrefix = "arXiv",
    primaryClass = "gr-qc",
    doi = "10.1093/ptep/ptab018",
    journal = "PTEP",
    volume = "2021",
    number = "5",
    pages = "05A102",
    year = "2021"
}

@article{VIRGO:2014yos,
    author = "Acernese, F. and others",
    collaboration = "VIRGO",
    title = "{Advanced Virgo: a second-generation interferometric gravitational wave detector}",
    eprint = "1408.3978",
    archivePrefix = "arXiv",
    primaryClass = "gr-qc",
    doi = "10.1088/0264-9381/32/2/024001",
    journal = "Class. Quant. Grav.",
    volume = "32",
    number = "2",
    pages = "024001",
    year = "2015"
}

@article{Dahal:2020,
       author = {{Dahal}, Pravin Kumar},
        title = "{Review of pulsar timing array for gravitational wave research}",
      journal = {Journal of Astrophysics and Astronomy},
     keywords = {Pulsar Timing Array, Gravitational Wave, Black Holes Binary, Astrophysics - Instrumentation and Methods for Astrophysics},
         year = 2020,
        month = dec,
       volume = {41},
       number = {1},
          eid = {8},
        pages = {8},
          doi = {10.1007/s12036-020-9625-y},
archivePrefix = {arXiv},
       eprint = {2002.01954},
 primaryClass = {astro-ph.IM},
       adsurl = {https://ui.adsabs.harvard.edu/abs/2020JApA...41....8D},
      adsnote = {Provided by the SAO/NASA Astrophysics Data System}
}

@article{Comelli:2013tja,
    author = {{Comelli}, D. and {Nesti}, F. and {Pilo}, L.},
        title = "{Cosmology in general massive gravity theories}",
      journal = {JCAP},
     keywords = {High Energy Physics - Theory, Astrophysics - Cosmology and Nongalactic Astrophysics, General Relativity and Quantum Cosmology},
         year = 2014,
        month = may,
       volume = {2014},
       number = {5},
          eid = {036},
        pages = {036},
          doi = {10.1088/1475-7516/2014/05/036},
archivePrefix = {arXiv},
       eprint = {1307.8329},
 primaryClass = {hep-th},
       adsurl = {https://ui.adsabs.harvard.edu/abs/2014JCAP...05..036C},
      adsnote = {Provided by the SAO/NASA Astrophysics Data System}
}

@article{Hu:2017mde,
    author = "Hu, Wen-Rui and Wu, Yue-Liang",
    title = "{The Taiji Program in Space for gravitational wave physics and the nature of gravity}",
    doi = "10.1093/nsr/nwx116",
    journal = "Natl. Sci. Rev.",
    volume = "4",
    number = "5",
    pages = "685--686",
    year = "2017"
}

@article{TianQin:2015yph,
    author = "Luo, Jun and others",
    collaboration = "TianQin",
    title = "{TianQin: a space-borne gravitational wave detector}",
    eprint = "1512.02076",
    archivePrefix = "arXiv",
    primaryClass = "astro-ph.IM",
    doi = "10.1088/0264-9381/33/3/035010",
    journal = "Class. Quant. Grav.",
    volume = "33",
    number = "3",
    pages = "035010",
    year = "2016"
}

@article{LISA:2017,
       author = {{Amaro-Seoane}, Pau and {Audley}, Heather and {Babak}, Stanislav and {Baker}, John and {Barausse}, Enrico and {Bender}, Peter and {Berti}, Emanuele and {Binetruy}, Pierre and {Born}, Michael and {Bortoluzzi}, Daniele and {Camp}, Jordan and {Caprini}, Chiara and {Cardoso}, Vitor and {Colpi}, Monica and {Conklin}, John and {Cornish}, Neil and {Cutler}, Curt and {Danzmann}, Karsten and {Dolesi}, Rita and {Ferraioli}, Luigi and {Ferroni}, Valerio and {Fitzsimons}, Ewan and {Gair}, Jonathan and {Gesa Bote}, Lluis and {Giardini}, Domenico and {Gibert}, Ferran and {Grimani}, Catia and {Halloin}, Hubert and {Heinzel}, Gerhard and {Hertog}, Thomas and {Hewitson}, Martin and {Holley-Bockelmann}, Kelly and {Hollington}, Daniel and {Hueller}, Mauro and {Inchauspe}, Henri and {Jetzer}, Philippe and {Karnesis}, Nikos and {Killow}, Christian and {Klein}, Antoine and {Klipstein}, Bill and {Korsakova}, Natalia and {Larson}, Shane L and {Livas}, Jeffrey and {Lloro}, Ivan and {Man}, Nary and {Mance}, Davor and {Martino}, Joseph and {Mateos}, Ignacio and {McKenzie}, Kirk and {McWilliams}, Sean T and {Miller}, Cole and {Mueller}, Guido and {Nardini}, Germano and {Nelemans}, Gijs and {Nofrarias}, Miquel and {Petiteau}, Antoine and {Pivato}, Paolo and {Plagnol}, Eric and {Porter}, Ed and {Reiche}, Jens and {Robertson}, David and {Robertson}, Norna and {Rossi}, Elena and {Russano}, Giuliana and {Schutz}, Bernard and {Sesana}, Alberto and {Shoemaker}, David and {Slutsky}, Jacob and {Sopuerta}, Carlos F. and {Sumner}, Tim and {Tamanini}, Nicola and {Thorpe}, Ira and {Troebs}, Michael and {Vallisneri}, Michele and {Vecchio}, Alberto and {Vetrugno}, Daniele and {Vitale}, Stefano and {Volonteri}, Marta and {Wanner}, Gudrun and {Ward}, Harry and {Wass}, Peter and {Weber}, William and {Ziemer}, John and {Zweifel}, Peter},
        title = "{Laser Interferometer Space Antenna}",
      journal = {arXiv e-prints},
     keywords = {Astrophysics - Instrumentation and Methods for Astrophysics},
         year = 2017,
        month = feb,
          eid = {arXiv:1702.00786},
        pages = {arXiv:1702.00786},
          doi = {10.48550/arXiv.1702.00786},
archivePrefix = {arXiv},
       eprint = {1702.00786},
 primaryClass = {astro-ph.IM},
       adsurl = {https://ui.adsabs.harvard.edu/abs/2017arXiv170200786A},
      adsnote = {Provided by the SAO/NASA Astrophysics Data System}
}

@article{Caprini:2015tfa,
    author = "Caprini, Chiara",
    editor = "Ciani, Giacomo and Conklin, John W. and Mueller, Guido",
    title = "{Stochastic background of gravitational waves from cosmological sources}",
    eprint = "1501.01174",
    archivePrefix = "arXiv",
    primaryClass = "gr-qc",
    doi = "10.1088/1742-6596/610/1/012004",
    journal = "J. Phys. Conf. Ser.",
    volume = "610",
    number = "1",
    pages = "012004",
    year = "2015"
}

@article{NANOGrav:2023hvm,
    author = "Afzal, Adeela and others",
    collaboration = "NANOGrav",
    title = "{The NANOGrav 15 yr Data Set: Search for Signals from New Physics}",
    eprint = "2306.16219",
    archivePrefix = "arXiv",
    primaryClass = "astro-ph.HE",
    reportNumber = "FERMILAB-PUB-23-589-T",
    doi = "10.3847/2041-8213/acdc91",
    journal = "Astrophys. J. Lett.",
    volume = "951",
    number = "1",
    pages = "L11",
    year = "2023",
    note = "[Erratum: Astrophys.J.Lett. 971, L27 (2024), Erratum: Astrophys.J. 971, L27 (2024)]"
}
